3960 5956
1709 338 1748 402 91

244 579 250 587 ·
375 540 514 641 Quum
545 541 723 650 denique
751 542 924 624 Mariam
961 570 1105 625 omnes
1135 541 1304 650 quidem
1333 541 1748 651 generationesbea-

255 687 341 757 tam
381 675 532 773 dicant,
573 676 738 784 singula
776 685 916 757 tamen
953 679 1044 758 aevi
1084 676 1294 757 christiani
1334 674 1498 756 saecula
1537 702 1628 755 eam
1670 674 1747 757 sub

255 809 423 917 speciali
454 807 637 917 quodam
666 809 786 889 titulo
817 809 1077 918 singulariter
1101 809 1312 906 coluerint,
1343 834 1554 915 quumque
1583 814 1747 888 nostrae

253 936 508 1050 generationi
538 942 711 1050 insignis
740 940 860 1022 firerit
889 951 1093 1022 reservata
1112 940 1256 1050 gratia,
1287 937 1596 1020 immaculatam
1625 937 1743 1019 vide-
1807 1048 1813 1056 .

252 1072 348 1154 licet
367 1072 448 1154 Dei
478 1070 698 1154 (ianitricis
719 1070 1057 1181 Conceptionem,
1088 1102 1195 1181 quae
1219 1073 1286 1180 pie
1307 1099 1469 1179 semper
1488 1070 1739 1170 credebatur,

109 1184 114 1192 ’
251 1204 491 1315 dogmatica
520 1206 763 1287 certitudine
793 1206 1053 1289 celebrandi:
1085 1206 1335 1314 peculiarem
1365 1203 1536 1311 parochi
1562 1213 1604 1284 ct
1642 1231 1744 1284 con-

252 1330 407 1419 fessarii
437 1338 702 1422 infidelibus
732 1366 832 1447 erga
851 1338 1132 1421 beatissimam
1155 1339 1370 1447 Virginem
1401 1337 1489 1417 sine
1518 1330 1612 1419 labe
1642 1364 1743 1417 oon-

251 1480 413 1578 ceptam
452 1472 636 1552 nutriant
665 1472 940 1571 devotionern,
981 1500 1065 1580 qua
1102 1482 1192 1552 tum
1230 1470 1333 1552 fides
1372 1471 1416 1550 in
1448 1471 1743 1579 augustissima

249 1601 534 1707 Redemtionis
574 1606 772 1711 mysteria
810 1607 1051 1713 exprimitur
1090 1613 1131 1685 et
1166 1613 1353 1713 augetur,
1393 1613 1482 1682 tum
1522 1601 1648 1683 corda
1686 1601 1740 1685 ab

249 1737 363 1817 omni
398 1736 601 1844 peccandi
637 1737 809 1819 libidine
843 1738 954 1819 dulci
985 1737 1165 1845 quadam
1201 1765 1250 1817 ac
1285 1736 1443 1843 potenti
1468 1736 1619 1815 virtute
1638 1761 1740 1815 avo-

248 1879 403 1949 cantur.

363 2069 401 2147 2.
434 2064 573 2148 Cultui
607 2067 665 2148 illi
695 2068 857 2166 eximio,
890 2097 973 2176 quo
1003 2066 1210 2177 Reginam
1240 2065 1498 2176 Angelorum
1528 2075 1569 2145 et
1605 2061 1736 2146 Sanc-

245 2210 381 2282 torum
419 2228 519 2310 prae
562 2202 706 2282 ceteris
753 2201 1023 2301 honoramus,
1073 2199 1243 2282 accedat
1283 2200 1352 2307 pia
1393 2198 1602 2279 veneratio
1643 2196 1737 2278 reli-

245 2359 421 2440 quorum
462 2329 678 2433 Caelitum,
720 2334 791 2441 qui
831 2332 997 2414 adstant
1036 2344 1132 2414 ante
1171 2330 1308 2414 Deum
1351 2341 1391 2411 et
1431 2358 1526 2411 cunr
1566 2325 1732 2411 Christo

242 2476 417 2574 regnant
446 2465 489 2544 in
519 2477 742 2546 aeternum.
1209 2449 1213 2456 ¹
1350 2443 1358 2458 ⁶

360 2610 514 2694 Golant'
541 2613 680 2721 itaque
709 2614 940 2695 sacerdotes
970 2625 1011 2696 et
1039 2613 1181 2696 fideles
1211 2615 1340 2695 nostri
1369 2612 1607 2721 praesertim
1638 2638 1734 2691 san-

242 2752 354 2826 ctum
373 2744 640 2844 Michaelem,
672 2746 890 2829 sublimem
911 2747 1028 2828 illum
1050 2747 1368 2857 Archangelum,
1399 2747 1471 2853 qui
1493 2743 1585 2826 Deo
1606 2742 1732 2824 fidem

241 2858 480 2959 servansin
511 2906 666 2987 magno
697 2908 792 2960 erun
820 2879 998 2961 dracone
1018 2880 1174 2987 proelio
1197 2879 1412 2960 caelestem
1433 2878 1623 2958 militiam
1654 2875 1731 2958 sub

238 3009 421 3120 gloriosa
459 3022 612 3093 tessera
648 3013 828 3094 nominis
865 3014 950 3094 sui:
997 3008 1127 3112 ,Quis
1165 3023 1212 3092 ut
1247 3010 1386 3092 Deus“
1430 3010 1485 3092 ad
1513 3011 1729 3092 victoriam

239 3141 366 3243 duxit,
397 3145 468 3251 qui
488 3145 679 3252 princeps
709 3145 852 3254 populi
873 3143 952 3227 Dei
977 3147 1019 3226 id
1050 3146 1176 3226 sacris
1198 3143 1346 3226 Literis
1366 3143 1607 3252 appellatus,
1639 3142 1730 3223 An-

231 3254 355 3384 gelus
384 3276 568 3358 tutelaris
598 3288 660 3358 est
690 3288 872 3359 sanctae·
885 3277 965 3359 Dei
986 3278 1205 3378 Ecclesiae,
1236 3278 1476 3385 animasque
1505 3278 1549 3356 in
1579 3274 1728 3357 Domi-

236 3434 292 3488 no
312 3409 575 3490 morientium
596 3408 688 3490 Deo
709 3422 988 3519 repraesentat
1017 3413 1059 3493 in
1089 3412 1225 3493 lucem
1255 3421 1452 3506 sanctam,
1483 3436 1610 3516 quam
1627 3407 1727 3488 olim

235 3538 429 3623 Abrahae
459 3543 648 3649 promisit
677 3554 718 3624 et
738 3545 884 3625 semini
914 3546 1017 3653 ejus;
1050 3526 1189 3626 colant
1215 3542 1401 3652 Angelos
1427 3540 1618 3623 custodes
1646 3539 1726 3620 ho-

234 3673 404 3772 minum,
435 3685 606 3755 naturae
641 3675 777 3786 fragili
816 3706 921 3785 quos
961 3677 1082 3758 Pater
1117 3675 1278 3758 addidit
1317 3674 1511 3757 caelestes
1541 3674 1745 3772 comites,

233 3805 522 3890 insidiantibus
551 3836 603 3888 ne
633 3811 918 3892 succumberet
944 3810 1153 3914 hostibus;
1184 3809 1324 3890 colant
1352 3809 1521 3891 beatum
1549 3805 1722 3913 doseph,

232 3934 397 4021 fidelem
427 3942 708 4024 sanctissimae
738 3942 935 4024 Familiae
967 3942 1192 4043 custodem,
1223 3942 1474 4053 singularem
1503 3941 1722 4049 virginum,
1818 4037 1843 4059 ,-

231 4067 490 4172 nmssiamm,
515 4102 698 4155 necnon
718 4075 1060 4157 moribundorum
1080 4076 1327 4180 Patronum;
1360 4075 1498 4156 colant
1516 4071 1722 4183 gloriosos

230 4200 468 4310 Apostolos,
508 4233 631 4314 super
671 4191 846 4315 quorum
886 4207 1166 4306 fundamento,
1206 4209 1297 4315 ipso
1339 4234 1501 4289 summo
1531 4204 1721 4314 angulari

228 4333 368 4445 lapide
398 4333 575 4436 Christe,
605 4339 933 4447 superaedificati
967 4368 1052 4422 non
1082 4339 1260 4448 amplius
1289 4340 1473 4447 hospites
1503 4363 1645 4418 sumus
1679 4345 1721 4416 et

228 4466 434 4567 advenae,
479 4469 553 4552 sed
591 4472 701 4554 cives
732 4470 977 4555 Sanctorum
1007 4483 1049 4555 et
1078 4471 1293 4555 domestici
1337 4470 1437 4573 Dei;
1478 4468 1718 4576 praesertim

180 4592 183 4597 ’
228 4595 368 4682 autem
383 4601 682 4711 Apostolorum
702 4605 929 4714 principem
948 4606 1118 4689 beatum
1138 4605 1316 4704 Petrum,
1337 4614 1544 4712 pastorem
1565 4601 1716 4700 ovium,

81 4789 84 4795 -
194 4734 295 4843 ‘cui
323 4734 497 4817 traditae
527 4748 623 4819 sunt
652 4737 789 4820 claves
819 4741 936 4849 regni
966 4740 1185 4822 caelorum.
1242 4737 1358 4839 Quos
1388 4737 1483 4818 dein
1511 4736 1717 4843 majorum

91 4918 95 4924 ν
227 4866 359 4973 pietas
387 4871 607 4951 tenerrimo
637 4871 788 4952 affectu
818 4872 955 4971 coluit,
986 4902 1017 4953 s.
1039 4871 1333 4956 Wenccslaum
1362 4870 1458 4952 fidei
1487 4868 1717 4979 principem

225 5011 565 5111 propagatorem;
596 5031 627 5084 s;
643 5002 853 5086 Joannem
873 5004 1227 5115 Nepomucenum,
1258 5005 1383 5116 sigilli
1408 5003 1715 5088 sacramentalis

223 5128 449 5242 Martyrem
483 5136 525 5216 in
556 5136 656 5220 orbe
685 5151 884 5219 terrarum
915 5138 1302 5224 celebratissimum:
1342 5139 1420 5222 hos
1450 5138 1595 5223 eadem
1624 5140 1713 5248 pie·
1810 5133 1813 5137 ’

677 5282 689 5292 ·
1416 5269 1475 5335 10⁸
