3960 5956
1667 299 1729 364 105

219 496 406 582 'nitatem
445 528 495 581 ac
533 501 711 610 pretium
750 499 929 583 facundo
961 521 1034 584 oro
1065 512 1285 611 exponant,
1315 501 1518 586 ambitum
1547 511 1590 582 et
1617 499 1728 582 fiuc-
1797 499 1801 511 “

235 642 326 715 tum
356 633 586 734 ostendant,
616 634 774 716 motiva
803 645 844 717 et
874 635 1058 718 subsidia
1087 643 1333 745 suggerant3
1364 635 1603 743 praesertim
1627 661 1726 714 vero
1792 667 1794 672 ’

237 794 466 874 numquam
495 795 581 848 non
610 768 708 849 totis
737 768 894 850 viribus
913 768 1070 878 populo
1101 769 1180 851 sibi
1210 766 1448 849 concredito
1478 764 1727 874 persuadere

233 897 438 998 studeant,
470 909 626 1006 quanta
655 901 708 982 sit
737 901 958 982 continuae
988 901 1185 982 orationis
1225 910 1266 981 et
1304 900 1398 1008 piae
1440 897 1728 980 Sacramento·

235 1059 328 1112 rum
356 1030 696 1139 frequentationis
715 1031 771 1113 ad
789 1032 985 1114 alendum
1005 1035 1157 1116 amoris
1177 1035 1318 1143 ignem
1339 1032 1572 1114 necessitas.
1612 1025 1726 1111 Con·

130 1254 134 1261 ,
233 1144 390 1244 fossarii
429 1163 549 1263 item,
590 1164 770 1244 maxime
809 1192 905 1245 cum
950 1164 1137 1264 viderint,
1173 1165 1434 1274 poenitentes
1473 1164 1610 1245 vivere
1647 1163 1728 1243 im·

232 1321 379 1375 munes
409 1322 435 1374 a
464 1295 644 1402 peccatis
673 1294 927 1395 mortalibus,
958 1324 1125 1376 onmem
1156 1323 1298 1378 curam
1312 1295 1548 1394 adhibeant,
1578 1305 1626 1375 ut
1652 1320 1725 1375 eos

233 1424 276 1505 in
304 1426 416 1506 viam
445 1425 705 1534 perfectionis
735 1436 776 1507 et
805 1426 935 1508 divini
964 1428 1116 1510 amoris
1145 1425 1421 1509 introducant.
1439 1422 1473 1506 3)

350 1641 388 1720 2.
421 1637 561 1738 Quum
590 1668 699 1739 vero,
731 1641 803 1748 qui
832 1669 918 1723 non
947 1641 1084 1751 diligit
1101 1640 1268 1721 fratrem
1293 1667 1425 1740 suum,
1456 1667 1582 1748 quem
1600 1638 1724 1738 videt,

232 1798 366 1878 neque
387 1769 535 1871 Deum,
568 1799 692 1878 quem
712 1800 796 1852 non
820 1773 943 1872 videt,
975 1773 1145 1883 diligere
1165 1774 1317 1880 possit:
1334 1768 1368 1852 4)
1398 1771 1541 1854 fideles
1561 1781 1726 1855 nostros

230 1903 275 1983 in
303 1903 471 1983 nomine
500 1903 773 1985 amantissimi
802 1903 1093 2012 Redemptoris
1128 1931 1441 1987 commonemus
1471 1915 1512 1985 et
1542 1903 1726 1987 obtestor

230 2061 333 2132 mur,
364 2044 411 2114 ut
440 2033 705 2116 christianam
735 2037 913 2143 proximi
943 2035 1206 2117 dilectionem
1236 2034 1359 2116 corde
1380 2045 1423 2116 et
1452 2062 1576 2143 opere
1606 2062 1723 2116 exer·
1846 2072 1877 2099 υ
1920 2078 1925 2088 -

231 2174 380 2264 centes,
411 2192 531 2245 veros
552 2163 632 2245 Dei
662 2165 841 2246 cultores
871 2165 1103 2276 dignosque
1124 2163 1290 2249 Olnisto
1321 2166 1546 2274 discipulos
1576 2194 1620 2247 se
1651 2194 1724 2247 ex-

231 2296 413 2379 hibeant.
460 2296 633 2378 Mirifica
662 2296 901 2405 hujusmodi
931 2297 1173 2397 dilectionis,
1205 2325 1310 2404 quae
1340 2325 1378 2403 a
1396 2297 1593 2405 speciosis
1622 2298 1725 2377 meri

232 2428 595 2537 philanthropismi
626 2428 771 2510 studiis
802 2438 891 2510 toto
921 2428 1037 2510 caelo
1067 2427 1202 2526 distat,
1243 2428 1426 2509 efficacia
1455 2439 1497 2510 et
1526 2426 1723 2509 fortitudo
1840 2418 1880 2479 ·’

231 2561 387 2642 tristem
418 2560 553 2641 cordis
578 2560 750 2640 humani
780 2562 1012 2670 egoismum
1031 2561 1170 2658 vincit,
1200 2559 1393 2659 invidias„
1419 2559 1515 2642 odia
1534 2568 1577 2640 et
1596 2586 1722 2665 quas-

231 2720 408 2807 cumque
438 2692 530 2774 lites
561 2692 836 2801 deplorandas
876 2693 1108 2802 propulsat,
1148 2705 1272 2800 atque
1312 2692 1544 2775 desiderata
1581 2690 1722 2800 generi

228 2825 412 2906 humano
443 2827 557 2934 pacis
587 2838 628 2907 et
657 2827 822 2908 unionis
852 2828 1028 2936 pignora
1056 2825 1237 2934 praebet.
1298 2823 1574 2906 Dilectionem
1611 2822 1722 2903 hano

229 2968 412 3065 pastores
442 2960 683 3057 animarum,
717 2958 919 3064 fraternae
960 2957 1171 3039 charitatis
1209 2956 1376 3038 vinculo
1422 2955 1501 3038 sibi
1540 2955 1720 3036 invicem

221 3090 367 3198 juncti,
399 3091 595 3171 continua
616 3090 889 3172 sollicitudine
920 3103 1208 3197 promoveant3
1247 3072 1562 3170 beneficentiam
1601 3113 1721 3194 prae-

229 3222 368 3304 sertim
405 3250 480 3303 ceu
521 3223 731 3304 charitatis
761 3225 955 3304 comitem
975 3231 1017 3302 et
1036 3223 1190 3303 sociam
1217 3219 1565 3318 commendantes,
1581 3215 1616 3298 ὅ)
1647 3218 1720 3300 sed

228 3362 271 3434 et
298 3353 534 3462 exemplum
563 3352 764 3452 fidelibus,
796 3354 909 3462 quod
940 3355 1161 3452 imitentur,
1191 3380 1265 3460 per
1295 3353 1434 3433 omnia
1463 3350 1718 3460 praebentes.

229 3482 366 3584 Quum
397 3496 537 3568 autem
568 3515 619 3567 ex
647 3488 903 3569 institutione
933 3484 1184 3569 Catechismi
1214 3483 1394 3567 Romani
1413 3479 1447 3564 6)
1477 3482 1719 3590 injuriarum

229 3618 477 3700 condonatio
509 3620 695 3700 omnium
724 3619 848 3729 longe
878 3618 1276 3729 praestantissimum
1315 3627 1357 3697 et
1393 3615 1594 3697 charitate
1628 3612 1719 3720 ple-

228 3750 441 3832 nissimum
473 3750 656 3833 officium
686 3752 936 3834 censendum
967 3751 1039 3833 sit:
1071 3749 1241 3858 parochi
1280 3759 1323 3829 et
1351 3746 1587 3831 confessarii
1625 3772 1718 3826 ma-

226 3882 380 3963 ximam
420 3885 463 3963 in
502 3910 552 3964 eo
593 3883 850 3993 diligentiam
888 3893 1064 3992 ponant,
1109 3892 1156 3963 ut
1194 3881 1364 3988 injurias
1403 3905 1535 3986 aequo
1575 3877 1715 3958 animo

225 4015 491 4096 remittendas
521 4043 620 4113 esse,
650 4044 736 4097 non
766 4015 900 4097 solum
936 4015 1122 4113 doceant,
1153 4012 1226 4095 sed
1255 4012 1420 4119 penitus
1449 4011 1575 4091 etiam
1613 4007 1716 4089 fide·

225 4145 334 4229 libus
362 4147 647 4254 persuadeant.
709 4148 803 4230 Hac
842 4149 1000 4229 ratione
1039 4147 1195 4255 optime
1223 4142 1532 4252 impugnabunt
1564 4141 1714 4247 impias
1796 4162 1800 4170 ·
1843 4214 1853 4223 .

218 4278 323 4387 juris
353 4289 395 4359 et
424 4279 633 4362 charitatis
673 4278 890 4379 laesiones,
930 4279 1112 4378 fraudes,
1151 4276 1368 4358 violentias
1398 4285 1439 4354 et
1468 4271 1710 4381 praeprimis

225 4410 486 4495 detestabiles
516 4439 671 4513 usuras,
712 4411 862 4521 quibus
902 4439 1111 4493 occurrere
1140 4436 1189 4490 eo
1218 4409 1360 4517 magisv
1383 4415 1597 4515 pastorum
1626 4404 1712 4501 erit,

225 4569 353 4651 quum
382 4544 437 4626 ad
475 4572 545 4626 eas
575 4544 889 4654 supprimendas
919 4569 1203 4652 quaecumque
1231 4540 1345 4648 leges
1375 4537 1515 4619 civiles
1543 4535 1713 4617 minime

224 4674 441 4758 sufficiant.
474 4675 735 4785 Quapropter
749 4673 1157 4787 gravissimisverbis
1176 4671 1332 4781 populo
1354 4668 1583 4767 ostendant,
1614 4695 1713 4750 usu-

263 4994 293 5079 ³)
316 4994 347 5060 S.
369 4994 467 5081 Alph.
490 4994 560 5079 Lig.
581 4994 687 5058 Homo
715 4995 828 5079 Apost.
850 4994 898 5057 tit.
919 4992 975 5057 ult.
998 4991 1137 5078 append.
1162 4993 1189 5056 1.
1234 4991 1260 5074 ⁴)
1284 4989 1300 5052 1
1322 4987 1440 5052 Joann.
1463 4988 1492 5053 4.
1514 4989 1565 5054 20.

269 5102 295 5187 ³)
318 5099 389 5166 Cat.
411 5102 502 5167 Rom.
524 5101 580 5168 lib.
603 5102 633 5167 3.
655 5123 724 5188 cap.
747 5103 776 5200 6.
799 5108 923 5187 quaest.
948 5100 997 5164 17.
1044 5101 1070 5184 ⁶)
1091 5099 1153 5164 loc.
1175 5101 1228 5163 cit.
1251 5103 1376 5184 quaest.
1400 5095 1448 5258 1191.
