3960 5956
394 480 541 563 Omnis
570 492 708 563 autem
739 482 1116 581 administrationis,
1148 482 1404 575 educationis
1434 496 1474 566 et
1504 480 1773 569 iustitutionis

276 614 392 711 ratio,
424 624 628 722 quatenus
658 624 699 717 et
728 613 850 723 copia
879 613 988 694 dotis
1019 624 1060 696 et
1089 616 1318 724 peculiares
1346 616 1469 699 studii
1500 619 1772 728 gymnasialis

277 747 608 828 circmnstautiae
639 747 908 854 permiserint,
939 746 1233 854 supralaudato
1274 746 1336 831 Ss.
1378 746 1555 831 Concilii
1596 745 1772 833 Triden-

276 880 352 981 tini
383 879 547 960 decrcto
579 879 786 960 innitatur.
848 877 960 958 Hinc
990 879 1095 960 inter
1125 878 1207 960 alia
1236 880 1339 961 tales
1368 881 1630 987 potissimum
1657 883 1773 991 pueri

277 1012 563 1120 suscipiantur,
595 1039 772 1119 quorum
802 1011 962 1093 indoles
992 1023 1032 1093 et
1057 1012 1255 1110 ¹voluntas
1285 1031 1402 1121 sper'n
1428 1014 1582 1113 afferat,
1613 1044 1686 1101 eos
1705 1042 1773 1097 ec*

252 1146 516 1227 ‚clesiasticis
540 1145 781 1227 ‚ministeriis
816 1155 1015 1251 perpetuo
1055 1147 1332 1228 inservituros.
1394 1145 1627 1256 Pauperum
1647 1186 1649 1190 ⁴
1668 1177 1774 1257 quo-

279 1306 360 1388 que
408 1275 506 1359 filii'
541 1278 760 1385 praecipue
800 1276 1025 1384 eligantur,
1062 1307 1146 1359 non
1187 1279 1363 1361 exclusis
1398 1280 1540 1388 utique
1580 1279 1774 1363 ditiorum
1889 1297 1893 1300 ’

280 1410 385 1510 filiis,
427 1408 554 1490 modo
594 1437 676 1489 suo·
712 1417 880 1516 sumptu
919 1408 1083 1523 alantur
1113 1419 1154 1491 et
1190 1411 1373 1493 studirun
1413 1440 1512 1520 prae
1549 1440 1593 1494 se
1630 1414 1773 1512 ferant,

155 1641 165 1658 .
280 1544 372 1626 Deo
404 1553 445 1624 et
480 1542 689 1645 Ecclesiae
724 1540 984 1623 inserviendi.
1045 1540 1300 1652 Magnopcre
1336 1544 1460 1626 etiam
1490 1544 1672 1653 proderit
1702 1574 1774 1626 cu·
1826 1624 1836 1631 .

280 1706 389 1776 rare,
430 1688 476 1757 ιιι
515 1676 630 1783 pueri
670 1704 696 1755 a
720 1675 880 1756 teneris
920 1676 1040 1756 annis
1080 1687 1248 1757 cantum
1288 1670 1610 1760 ecclesiasticum
1640 1689 1692 1761 ct
1719 1679 1776 1760 ri-
1881 1673 1889 1693 ⁸

281 1823 400 1895 tuum
440 1820 489 1891 ac
535 1808 886 1890 caeremoniarum
926 1808 1081 1890 formas
1120 1805 1325 1910 ediscant,
1365 1823 1493 1918 utque
1531 1811 1773 1895 adolescen-

281 1958 343 2029 tes
372 1942 686 2028 humanioribus
707 1942 777 2023 lite
737 1942 834 2023 teris
864 1935 1087 2039 erudiendi,
1119 1941 1416 2084 ecclesiasticas
1446 1945 1585 2026 etiam
1590 1943 1777 2053 discipli·

281 2108 357 2162 nas
387 2107 529 2187 sapere
559 2077 770 2183 incipiant.
1488 2095 1492 2101 ·

398 2237 529 2321 Cum
537 2265 659 2346 porro
689 2236 802 2317 hisce
832 2265 881 2343 pr
882 2235 1071 2315 aesertim
1101 2231 1248 2313 diebus
1277 2235 1423 2316 messis
1453 2233 1619 2342 quidem
1646 2205 1778 2315 multa

282 2375 345 2472 sit,
386 2373 559 2481 operarii
600 2380 739 2451 autam
779 2370 921 2477 pauci:
962 2397 1182 2450 monemus
1220 2369 1264 2449 in
1301 2368 1485 2450 Domino
1522 2379 1562 2449 et
1592 2369 1778 2485 impense

281 2535 479 2617 rogamus
518 2504 722 2612 parochos
751 2514 1000 2612 ceterosque
1041 2502 1285 2601 sacerdotes,
1316 2515 1362 2585 ut
1390 2530 1541 2611 pueros
1570 2501 1683 2584 bona
1712 2503 1777 2583 in-

283 2639 377 2722 dole
407 2637 626 2748 praeditos,
658 2638 728 2744 qui
759 2663 886 2750 spem¹
906 2636 1088 2734 afferant,
1120 2665 1163 2717 se
1194 2664 1288 2716 eum
1326 2615 1461 2718 Sacris
1501 2636 1648 2717 initiati
1688 2635 1777 2717 fue·

225 2853 230 2863 ,
284 2774 375 2870 ri'nt,
407 2769 616 2853 Ecclesiae
646 2770 857 2850 ministros
885 2751 1007 2851 utiles
1036 2768 1132 2866 fore,
1163 2769 1217 2850 ad
1247 2751 1456 2851 literarum
1482 2780 1606 2878 atque
1636 2767 1690 2850 ad
1710 2797 1799 2850 ec·.

245 2899 265 2984 .’
284 2894 535 2987 clesiasticae
564 2905 673 2998 vitae
703 2931 891 2983 normam
922 2912 1111 2983 accurate
1146 2902 1378 3003 informent,
1408 2883 1674 3011 moribusque
1695 2898 1778 2983 cle-

283 3037 397 3120 ricali
437 3037 626 3147 religioni
663 3036 986 3144 congruentibus
1025 3034 1223 3134 eurdiant,
1247 3111 1248 3115 ι
1273 3047 1397 3145 atquc
1436 3043 1638 3147 parentes¹
1664 3036 1779 3145 ipsos

283 3181 491 3270 moneant,
522 3181 568 3251 ut
597 3156 705 3251 filios
734 3197 832 3250 suos
863 3169 916 3251 ad
946 3167 1231 3277 suscipiendos
1261 3166 1437 3251 Ordines
1474 3177 1614 3250 sancte
1654 3167 1778 3263 indu-

287 3298 445 3386 cant3)
433 3299 571 3402 lQua
601 3300 876 3382 sollicitudine
906 3329 1035 3418 quum
1065 3301 1188 3408 hujus
1217 3302 1454 3409 provinciae
1485 3298 1630 3384 Olerus
1670 3301 1779 3382 avite

230 3521 232 3526 ,
285 3436 538 3519 excelluerit:
570 3462 687 3516 nova
709 3434 865 3515 meritis
893 3433 1039 3516 merita
1068 3432 1342 3551 superaddere
1372 3462 1421 3515 eo
1451 3434 1589 3515 minus
1614 3460 1779 3515 recusa-
1844 3468 1847 3475 ⁴

285 3569 357 3668 bit,
398 3595 481 3719 quo
521 3566 656 3675 magis
696 3540 974 3673 opporffinam
1014 3566 1068 3647 ab
1108 3567 1253 3648 erectis
1291 3593 1513 3699 puerorum
1550 3563 1781 3646 seminariis

287 3700 548 3782 occasionem
576 3697 919 3797 animadvertens,
949 3698 1003 3779 ab
1034 3697 1253 3808 Episcopis
1283 3691 1500 3806 impetrare
1533 3698 1702 3805 poterit,
1734 3710 1780 3776 ut

285 3831 465 3915 maxime
495 3829 632 3911 idonci
662 3829 764 3911 tales
793 3829 1068 3940 morigerique
1099 3830 1288 3945 discipuli
1312 3859 1417 3947 prae
1457 3829 1623 3938 reliquis
1656 3829 1781 3937 juve·

287 3964 360 4047 nili
390 3960 702 4044 seminariorum
732 3962 911 4044 familiae
941 3976 1230 4072 aggregentur.
1759 3941 1763 3948 ’

403 4081 747 4174 adolescentibus
776 4094 945 4176 tandem
966 4095 1159 4178 domibus
1179 4096 1291 4177 hisce
1310 4097 1401 4202 jam
1415 4094 1649 4202 adscriptis,
1681 4092 1780 4198 dum

160 4303 164 4309 .
287 4228 479 4310 feriarum
509 4236 694 4331 tempore
724 4237 837 4307 extra
866 4229 1072 4309 seminarii
1103 4240 1219 4336 septa
1248 4238 1471 4323 morantur,
1509 4226 1656 4335 vigiles
1677 4219 1781 4305 ani-

288 4387 449 4442 marum
479 4368 666 4466 pastores
695 4383 865 4437 manum
894 4352 1109 4469 paternam
1139 4361 1363 4469 porrigant,
1395 4359 1538 4441 sedulo
1559 4358 1781 4455 hortantes,

288 4487 612 4574 utadolcsc'ent
584 4500 685 4568 tram
725 4515 843 4568 ιιιιιιιιι
882 4492 996 4572 nulla
1034 4492 1155 4575 sorde
1196 4471 1510 4589 commaculent,
1541 4489 1614 4571 sed
1644 4489 1783 4638 potius

289 4626 324 4707 si
353 4623 446 4705 Deo
476 4621 685 4729 placuerit,
716 4648 792 4700 suo
822 4631 1007 4728 tempore
1036 4624 1089 4703 ad
1119 4624 1247 4704 altare
1278 4620 1431 4751 Christi
1461 4622 1580 4730 quasi
1600 4621 1784 4728 virgines

290 4757 342 4839 de
373 4756 556 4836 thalamo
587 4751 824 4860 procedant.
796 4749 877 4833 ι4)
907 4752 1020 4834 Hinc
1049 4783 1141 4835 caru
1170 4743 1338 4864 quoque
1368 4742 1441 4863 per
1461 4752 1647 4874 singulas
1668 4751 1783 4834 dicc-

290 4941 488 4953 ---—

334 5019 360 5100 ³¹)
383 4967 516 5105 Archid.
551 5013 671 5097 synod.
701 5013 797 5094 Prag.
830 5033 905 5074 ann.
941 5012 1030 5075 1605.
1064 5011 1104 5075 de
1139 5013 1239 5075 Ordin
1296 5012 1381 5096 ⁴)S.
1406 5014 1593 5097 Hieronym.
1627 5013 1668 5075 ad
1692 5012 1783 5077 Rust.

385 5122 533 5186 Monach.
556 5142 641 5182 num.
674 5119 721 5182 ll.
