3960 5956
231 310 277 384 496

234 510 509 618 cordibusque
552 511 633 620 piis
680 511 860 593 maxime
910 514 1133 594 conveniat¹
1148 507 1209 590 3l:
1266 511 1468 594 curabunt
1516 513 1725 623 Episcopi,

234 645 365 752 iisque
395 643 540 725 sociati
569 653 658 724 toto
679 644 896 724 conamine
917 643 1221 757 adlaborabunt
1243 643 1508 726 ecclesiarum
1537 656 1725 748 rectores,
1875 696 1879 701 ,

233 787 280 858 ut
309 777 648 886 praestantissimi
678 786 823 859 cantus
852 777 1091 886 hujusmodi
1119 806 1230 879 usus,
1243 820 1246 827 ·
1261 788 1462 887 quantum
1491 779 1579 861 fieri
1606 791 1726 889 potc-

233 910 295 1009 rit,
326 909 524 1009 foveatur,
569 910 805 992 restituatur
848 921 890 993 et
918 922 1222 1019 promoveatur.
1283 910 1419 1011 Quam
1456 912 1511 994 ob
1540 940 1628 995 rem
1657 941 1726 995 ec·

234 1043 381 1124 clesiae
411 1045 650 1151 praesertim
691 1040 946 1127 cathulrales
976 1055 1017 1128 ct
1046 1073 1119 1154 per
1147 1045 1404 1154 provinciam
1432 1048 1610 1155 majores
1637 1074 1727 1130 reo*

232 1176 392 1256 tissimo
433 1185 578 1256 cantus
618 1174 864 1286 Gregoriani
902 1205 979 1259 usu
1024 1178 1249 1279 emineant,
1290 1179 1334 1259 in
1374 1179 1549 1288 singulis
1587 1190 1727 1262 autem

233 1308 380 1390 saltem
420 1306 674 1391 Clericorum
711 1310 938 1391 seminariis
975 1320 1016 1391 et
1044 1310 1426 1423 ludimagistrorum
1454 1311 1727 1422 paedagogiis

234 1439 505 1523 solidissimae
545 1441 847 1525 informationis
882 1452 923 1523 et
943 1443 1255 1526 ,exercitationis
1294 1444 1457 1525 occasio
1497 1471 1727 1552 numquam
1776 1422 1783 1429 “

233 1572 348 1654 desit.
360 1570 395 1653 4)

350 1724 429 1806 His
446 1735 597 1806 'tamen
627 1722 886 1805 moderatum
917 1733 1062 1804 cantus
1089 1723 1320 1837 harmonici
1348 1753 1421 1807 seu
1450 1723 1626 1835 figurati,
1657 1736 1725 1807 ut·

233 1868 330 1965 pote
360 1885 385 1937 a
405 1856 579 1939 saeculis
608 1857 652 1937 in
680 1855 909 1938 Ecclesiam
929 1856 1153 1938 introducti
1167 1852 1203 1935 5)
1233 1884 1355 1938 usum
1384 1859 1554 1939 minime
1583 1886 1726 1966 repro-

232 1990 391 2072 bamus.
425 1987 564 2089 Quum
584 2000 723 2070 autem
751 1990 888 2089 nullus
918 1999 1026 2072 certe
1056 1991 1120 2088 sit,
1151 1990 1223 2097 qui
1248 1991 1354 2072 inter
1374 2001 1542 2072 cantum
1563 2018 1726 2072 sacrum

235 2134 276 2205 et
305 2125 487 2206 scenicas
516 2122 822 2204 modulationes
850 2122 1070 2203 discrimen
1099 2121 1269 2230 aliquod
1298 2150 1384 2203 non
1413 2122 1625 2223 desideret,
1656 2150 1725 2221 so-

236 2284 394 2364 nosque
423 2257 619 2365 profanos
647 2257 691 2337 in
711 2254 893 2337 ecclesiis
922 2254 1087 2337 tolerari
1116 2284 1200 2336 non
1231 2254 1498 2337 condemnet:
1534 2256 1728 2338 volumus

233 2400 274 2472 et
292 2389 549 2489 mandamus,
580 2399 627 2470 ut
646 2387 883 2496 hujusmodi
913 2399 1059 2470 cantus
1089 2388 1141 2470 sit
1165 2389 1304 2497 gravis
1333 2399 1375 2470 et
1404 2397 1551 2489 castus,
1582 2387 1726 2470 domui

231 2523 312 2604 Dei
343 2533 384 2605 et
413 2522 606 2604 laudibus
636 2521 787 2603 divinis
816 2521 1003 2629 adprime
1023 2520 1374 2603 accommodatus.
1391 2517 1426 2601 6)

351 2726 389 2803 2.
423 2719 649 2804 Cantiones
679 2748 815 2802 sacras
845 2704 989 2830 lingua
1018 2720 1182 2837 vulgari
1212 2718 1400 2842 conditas
1421 2721 1662 2828 praesertim
1681 2721 1726 2802 in

233 2855 462 2937 minoribus
502 2853 636 2936 cultus
675 2852 804 2934 divini
844 2853 1174 2935 solemnitatibus
1214 2864 1256 2935 et
1294 2851 1442 2935 officiis
1474 2852 1727 2963 quotidianis

234 3016 317 3069 non
348 2997 510 3068 tantum
550 2985 816 3083 admittimus,
858 2987 933 3069 sed
970 2988 1094 3068 etiam
1134 3014 1395 3094 summopere
1436 2995 1640 3094 optamus,
1680 2995 1727 3068 ut
1873 3048 1875 3053 ·

232 3120 508 3231 parochorum
538 3129 579 3201 et
599 3119 713 3201 chori
733 3129 938 3201 rectormn
967 3120 1037 3227 pia
1063 3118 1337 3201 sollicitudine
1367 3119 1411 3200 in
1440 3119 1596 3229 populo
1626 3130 1725 3229 pro·

232 3263 486 3337 moveantur.
529 3251 766 3334 Tenerrime
797 3253 907 3333 enim
936 3263 1095 3334 mentes
1124 3251 1368 3352 afficiuntur,
1399 3263 1440 3334 et
1469 3251 1577 3353 fidei,
1608 3279 1725 3334 amo-

232 3390 286 3469 ris
317 3398 357 3469 et
387 3386 718 3495 compunctionis
737 3385 908 3467 affectus
938 3387 1140 3469 uberrime
1163 3385 1390 3486 eliciuntur,
1420 3385 1567 3469 sisere
1597 3371 1725 3468 totius

232 3532 373 3604 coetus
403 3519 585 3630 religiosi
613 3547 737 3600 voces
776 3548 860 3600 uno
891 3548 961 3601 ore
991 3530 1031 3601 et
1061 3519 1184 3600 corde
1214 3547 1377 3601 sursum
1406 3519 1637 3601 ascendunt
1672 3517 1741 3601 ad·
1815 3620 1818 3625 Ι

127 3682 131 3689 ·
232 3655 429 3736 thronum
458 3652 616 3763 gratiae
645 3662 686 3734 et
708 3651 879 3733 ¹divinae
909 3651 1222 3736 misericordiae.
1269 3650 1337 3732 Ad
1368 3651 1603 3761 exemplum
1634 3679 1725 3733 ma

225 3789 378 3896 jorum,
420 3787 491 3895 qui
519 3787 562 3867 in
594 3782 789 3867 canendis
819 3784 986 3893 hymnis
1015 3784 1216 3895 religiosis
1247 3782 1440 3866 indefessi
1468 3782 1644 3884 fuerunt,
1675 3783 1726 3866 fi-

62 3934 74 3952 ·
140 3982 152 4022 ·.
235 3921 346 4003 deles
385 3921 514 4001 nostri
549 3919 712 4027 pietatis
751 3917 989 4026 hujusmodi
1027 3917 1223 3999 haeredes
1260 3917 1385 3997 sacris
1423 3926 1519 3999 ante
1560 3926 1725 4026 etpost

236 4053 417 4137 officium
455 4052 641 4134 divinum
681 4051 851 4132 canticis
881 4049 1084 4150 delectari,
1125 4079 1151 4131 a
1179 4050 1316 4158 pueris
1347 4049 1439 4158 jam
1474 4059 1724 4132 assuescant.

235 4184 461 4269 Communi
492 4185 628 4267 studio
669 4195 710 4266 ct
739 4183 882 4265 sedula
920 4184 964 4263 in
994 4183 1145 4265 scholis
1175 4183 1465 4265 exercitatione
1502 4181 1627 4274 haud.
1645 4181 1726 4264 dii·

234 4320 340 4401 ficile
360 4320 445 4418 erit,
466 4319 534 4426 pie
553 4329 743 4427 recteque
773 4317 1028 4398 cantantium
1056 4318 1163 4398 vires
1193 4316 1406 4425 requirere,
1437 4326 1479 4398 et
1507 4315 1724 4398 consocia·

234 4455 368 4536 tiones
388 4452 568 4535 maxime
597 4451 725 4532 instar
744 4478 885 4532 earum
914 4450 1101 4549 formare,
1131 4477 1238 4558 quae
1254 4450 1353 4532 olim
1369 4450 1539 4531 nomine
1564 4448 1726 4530 Litera·

234 4597 372 4668 torum
401 4587 445 4667 in
474 4586 553 4667 hac
582 4583 796 4693 provincia
824 4581 1059 4664 flomerunt.

351 4736 597 4825 Animarum
617 4743 802 4842 pastores
826 4733 894 4841 pie
915 4731 1127 4831 curabunt,
1148 4741 1194 4812 ut
1214 4760 1263 4812 ea
1281 4740 1444 4814 tantum
1464 4731 1626 4812 cantica
1645 4728 1722 4812 ad-

279 5041 306 5125 ³)
328 5039 412 5104 lbid.
435 5043 465 5120 ξ.
487 5038 516 5102 2.
558 5037 585 5121 ⁴)
608 5036 706 5102 Cone.
728 5035 816 5100 Trid.
840 5035 926 5101 Sess.
950 5033 1077 5099 XXIII.
1101 5034 1141 5098 de
1163 5033 1224 5097 ref.
1246 5053 1316 5120 cap.
1340 5033 1388 5097 18.

285 5152 310 5234 ⁵)
333 5149 468 5214 Constit.
492 5168 590 5234 supra
612 5149 663 5210 cit.
686 5150 715 5227 ξ.
737 5143 767 5206 3.
814 5144 839 5226 ⁸)
861 5141 945 5207 Ibid.
967 5147 997 5225 ξ.
1019 5143 1050 5207 5.
1074 5151 1107 5207 et
1127 5143 1157 5206 9.
