3960 5956
280 328 340 392 112

204 528 208 537 ’
277 525 373 608 licet
402 524 562 633 privata
591 535 633 606 et
651 523 873 633 peculiaria
901 553 977 633 pro
998 524 1211 607 catholicis
1240 525 1438 607 laicorum
1469 525 1634 609 familiis
1653 526 1767 611 aedi-

277 657 462 757 ficantur,
498 666 769 767 cognatorum
799 666 841 738 et
870 653 1056 738 affinium
1086 656 1211 745 etiam
1240 657 1768 789 acatholicorum-corpora

190 811 195 822 ’
277 787 541 872 tumulentur.
558 785 593 869 5)

396 987 433 1066 3.
466 983 771 1084 Caeremoniac,
802 987 904 1066 ritus
943 997 985 1068 et
1023 1013 1166 1094 preces
1206 986 1464 1094 exequiales,
1505 986 1655 1093 quibus
1685 986 1767 1073 Eo-
1834 1008 1839 1019 “

277 1116 402 1199 clesia
429 1119 474 1197 in
503 1127 759 1198 mortuorum
787 1115 998 1224 sepultura
1032 1118 1169 1216 utitur,
1200 1116 1427 1199 secundum
1447 1112 1615 1201 Ritusle
1642 1147 1668 1201 a
1698 1148 1765 1203 se-

276 1250 453 1358 peliente
483 1248 694 1361 sacerdote
713 1240 902 1330 accurate
932 1259 973 1330 et
996 1248 1169 1331 fideliter
1195 1246 1471 1331 observentur.
1503 1247 1615 1331 Hinc
1644 1279 1764 1360 prae-

242 1364 245 1371 *
277 1383 452 1490 cipimus
480 1407 657 1488 quoque,
687 1391 744 1481 ut,
776 1392 979 1489 quantum
1007 1362 1095 1463 fieri
1125 1381 1286 1490 poterit,
1318 1383 1444 1463 etiam
1472 1381 1517 1462 in
1542 1380 1766 1491 majoribus

278 1511 458 1612 urbibus,
497 1526 646 1622 corpus
685 1513 867 1595 defimcti
905 1512 1102 1595 inferatur
1140 1515 1184 1594 in
1223 1506 1439 1596 ecclesiam
1473 1516 1605 1621 eoque
1644 1542 1765 1623 prae-

276 1656 393 1729 sente
432 1645 561 1727 Missa
600 1642 836 1727 celebretur.
898 1644 942 1727 Si
971 1656 1139 1754 propter
1168 1644 1394 1753 peculiares
1424 1644 1610 1727 locorum
1638 1646 1764 1728 ratio-

276 1763 350 1859 nes
396 1806 546 1885 corpus
590 1778 634 1858 in
678 1776 893 1860 ecclesiam
940 1776 1087 1858 detbrri
1135 1787 1209 1860 aut
1251 1786 1346 1859 ante
1385 1776 1600 1860 meridiem
1644 1804 1778 1891 sepe-¹

274 1907 339 1990 liri
383 1936 468 1989 non
513 1909 683 2016 poterit:
735 1907 863 1990 Missa
901 1918 1041 1989 tamen
1080 1936 1165 1990 non
1210 1910 1436 2009 omittatur,
1476 1906 1567 2008 sed,
1606 1909 1643 1990 si
1680 1935 1766 1989 non

276 2039 423 2122 eadem
453 2039 530 2140 die,
561 2038 707 2121 saltem
737 2038 1003 2147 subsequenti
1039 2069 1126 2122 non
1155 2040 1363 2149 impedita,
1395 2067 1567 2149 corpore
1596 2038 1766 2123 absente

278 2169 515 2255 celebretur.

392 2302 532 2404 Quum
562 2330 612 2384 ex
643 2303 871 2387 certissima
899 2303 1108 2387 Ecclesiae
1140 2303 1328 2385 doctrina
1356 2303 1518 2384 animae
1549 2302 1764 2384 defuncto·
1800 2382 1805 2387 ,

275 2465 368 2518 rum
397 2437 440 2516 in
474 2436 714 2545 purgatorio
751 2435 941 2517 detentae
971 2436 1086 2518 nullo
1117 2436 1199 2518 alio
1230 2435 1427 2544 suffragio
1457 2436 1602 2544 magis,
1639 2461 1765 2542 quam

273 2564 517 2675 acceptabili
546 2565 686 2647 altaris
707 2564 915 2647 Sacrificio
929 2569 1138 2675 juventur,
1157 2564 1190 2647 6)
1223 2567 1395 2649 sollicite
1425 2577 1554 2675 agant
1581 2565 1765 2674 parochi,

187 2738 195 2754 .
274 2710 315 2781 et
345 2727 489 2781 omnes
519 2684 826 2796 Christifideles,
867 2728 919 2779 ne
955 2698 1066 2780 istud
1095 2681 1291 2808 refrigerii
1328 2710 1370 2779 et
1398 2708 1589 2779 aeternae
1618 2696 1764 2779 salutis

273 2830 504 2913 subsidium
533 2829 736 2912 defurrctis
767 2829 883 2911 desit.
939 2828 1126 2911 Ecclesia
1156 2859 1239 2911 non
1270 2839 1432 2911 tantum
1471 2830 1514 2911 in
1551 2828 1617 2911 die
1647 2855 1764 2909 corn-

275 2962 584 3043 memorationis
614 2961 800 3041 omnium
829 2960 1013 3043 fidelium
1051 2990 1127 3069 pro
1158 2963 1316 3045 cunctis
1347 2960 1467 3043 offert
1496 2959 1763 3061 Sacrificium,

274 3120 324 3174 ac
353 3123 429 3202 pro
460 3093 634 3204 singulis
656 3092 766 3175 illico
796 3103 893 3201 post
913 3090 1072 3174 obitum
1092 3092 1267 3177 instituit
1287 3092 1529 3193 oblationes,
1561 3092 1635 3175 sed
1663 3090 1763 3175 sub·

273 3224 540 3334 sequentibus
561 3253 725 3334 quoque
746 3223 901 3323 diebus,
933 3226 1051 3306 tertio
1079 3225 1268 3325 maxime,
1299 3226 1475 3335 septimo
1497 3234 1539 3307 et
1556 3225 1763 3307 tricesimo

273 3359 446 3440 innovat
464 3357 670 3468 suffragia,
699 3368 741 3439 et
760 3367 1034 3439 recurrentem
1055 3360 1379 3441 armiversarium
1399 3356 1509 3439 diem
1530 3354 1763 3439 celebrandi

273 3489 605 3597 antiquissimum
628 3487 754 3570 habet
773 3517 905 3587 usum,
935 3486 1119 3598 aliasque
1139 3489 1306 3599 insuper
1325 3489 1474 3573 Missas
1494 3517 1570 3597 pro
1591 3488 1762 3570 defirnc·

273 3621 325 3703 tis
356 3619 587 3704 offerendas
616 3617 884 3702 libentissime
914 3620 1113 3702 concedit.
1175 3620 1243 3703 Ad
1272 3622 1354 3704 hoc
1382 3622 1547 3730 pietatis
1581 3620 1762 3703 officium

272 3752 348 3834 rite
371 3751 691 3861 persolvendum
720 3751 894 3860 regulas,
925 3778 1029 3860 quas
1059 3752 1110 3834 de
1141 3751 1415 3837 celebratione
1435 3753 1655 3836 Missurum
1684 3781 1761 3861 pro

272 3883 476 3966 defimctis
512 3883 698 3966 Ecclesia
727 3884 999 3993 praescripsit,
1034 3896 1223 3968 accurate
1253 3884 1471 3969 observare
1500 3913 1550 3966 eo
1581 3885 1761 3967 severius

249 4016 505 4098 sacerdotes
527 4016 734 4125 jubemus,
765 4044 848 4126 quo
868 4016 1003 4125 magis
1022 4015 1158 4099 adhuc
1178 4046 1248 4099 eas
1268 4018 1535 4125 praetermitti
1554 4015 1760 4098 interdum

272 4148 523 4258 experientia
552 4149 656 4231 tulit.
1715 4133 1720 4145 ’

388 4350 428 4427 4.
460 4345 680 4429 Sermones
710 4345 912 4448 fimebres,
954 4346 1022 4429 ubi
1052 4376 1137 4429 non
1167 4356 1264 4429 sunt
1303 4344 1600 4431 consuetudine
1628 4347 1758 4429 intro·

272 4477 395 4581 ducti,
426 4507 512 4560 non
541 4478 782 4561 habeantur.
819 4474 956 4561 Tanto
984 4479 1194 4562 ardentius
1224 4489 1362 4561 autem
1392 4477 1682 4578 desideramus,
1714 4489 1760 4561 ut

271 4611 315 4691 in
354 4610 420 4693 die
459 4612 864 4693 commemorationis
900 4611 1087 4691 omnium
1125 4610 1310 4693 fidelium
1345 4609 1632 4693 defunctorum
1672 4610 1759 4693 sive

271 4743 314 4823 in
343 4744 443 4851 ipsis
472 4745 737 4845 coemeteriis,
767 4745 803 4826 si
833 4755 1058 4853 tempestas
1087 4743 1296 4851 permittit,
1328 4744 1414 4826 sive
1444 4745 1486 4825 in
1518 4742 1758 4826 coemeteri-

315 5002 340 5085 ὅ)
363 5000 459 5067 Decr.
482 5002 514 5067 S.
537 5004 655 5089 Congr-
678 5005 798 5090 lnquis.
822 5003 863 5067 de
886 5003 937 5068 die
961 5003 1012 5068 30.
1034 5004 1127 5068 Mart.
1159 5004 1238 5068 1859
1259 5013 1292 5067 et
1312 5004 1362 5068 25.
1385 5002 1488 5089 April.
1513 5005 1601 5071 1860.

315 5110 340 5189 ἣ
363 5107 459 5173 Cone.
483 5109 572 5172 Trid.
595 5109 681 5173 Sess.
705 5110 812 5174 XXV.
837 5111 932 5173 Decr.
956 5111 995 5173 dr
1020 5111 1114 5194 Purg.
