3936 5940
827 487 1019 575 OAPUT
1048 490 1141 582 VH..

643 712 714 792 De
745 712 919 793 scholis
949 711 1323 794 elementaribus.
1437 795 1439 799 ,

368 954 485 1038 Finis
524 954 676 1038 scholis
716 956 929 1040 catholicis
968 959 1127 1066 positus
1176 984 1306 1065 quum
1355 958 1504 1067 attingi
1542 966 1730 1065 nequeat,

236 1089 315 1172 nisi
346 1088 505 1189 omnia,
537 1114 644 1196 quae
672 1087 732 1171 ibi
751 1086 951 1199 aguntur,
983 1099 1273 1197 cooperentur:
1303 1089 1402 1170 hinc
1422 1089 1579 1197 reliqua
1607 1089 1732 1171 etiam

229 1222 462 1331 juventutis
490 1248 565 1330 per
582 1220 891 1332 ludimagistros
910 1222 1113 1304 institutio
1144 1221 1362 1330 Episcopis
1390 1223 1434 1302 in
1463 1222 1543 1304 hac
1563 1219 1733 1332 Synodo

240 1354 503 1466 congregatis
533 1381 793 1464 summopere
824 1355 936 1437 cordi
967 1365 1040 1437 est.

368 1502 608 1586 Decemunt
651 1515 886 1614 propterea,
927 1515 974 1585 ut
1007 1504 1050 1589 in
1096 1503 1248 1587 scholis
1286 1504 1346 1586 sic
1390 1503 1509 1586 dictis
1553 1504 1733 1586 elemen-

237 1635 393 1720 taribus
422 1636 526 1718 nulli
556 1637 725 1718 omnino
745 1666 821 1746 pro
844 1635 1053 1718 tradendis
1082 1637 1263 1719 materiis
1293 1638 1417 1719 etiam
1447 1635 1629 1745 profanis
1658 1636 1734 1717 ad-

237 1768 457 1853 hibeantur
485 1767 598 1866 libri,
629 1769 708 1851 nisi
728 1769 1029 1878 Episcoporum
1051 1797 1215 1877 quoque
1228 1769 1387 1878 judicio
1413 1768 1588 1878 probati.
1619 1768 1734 1851 Doc-

239 1903 346 1984 trina
384 1905 475 2011 ipsa
513 1900 573 1982 nil
608 1904 826 2001 contineat
856 1913 990 1984 rectae
1029 1900 1126 1983 fidei
1164 1902 1337 1985 bonisve
1375 1901 1559 1987 moribus
1598 1903 1735 1983 minus

240 2035 467 2139 conforme;
516 2035 616 2142 quin
645 2035 730 2116 imo
775 2061 941 2133 onmem
970 2019 1237 2143 parvulorum
1280 2023 1580 2118 institutionem
1615 2035 1677 2149 sp'
1703 2035 1736 2096 '-

239 2178 305 2250 tus
343 2168 554 2279 religionis
592 2179 788 2279 penetret,
828 2169 1003 2276 ideoque
1033 2167 1221 2277 singulae
1259 2169 1475 2268 materiae,
1519 2170 1562 2249 in
1602 2062 1736 2276 ‹1AE-

240 2309 329 2384 tum
362 2301 524 2399 ferunt,
564 2300 619 2382 ad
652 2301 894 2411 religionem
931 2328 1007 2382 ceu
1047 2300 1302 2386 educationis
1332 2311 1518 2383 centrum
1556 2300 1737 2381 referan-

239 2441 306 2514 tur
343 2443 386 2514 et
424 2434 588 2515 nonnisi
629 2432 832 2515 catholico
871 2461 995 2541 sensu
1029 2432 1211 2542 parvulis
1249 2436 1544 2542 proponantur.
1605 2431 1737 2513 Ludi·

239 2566 427 2678 magistri
470 2593 568 2648 vero
613 2567 891 2667 meminerint,
943 2566 1169 2674 principale
1212 2567 1393 2649 muneris
1442 2566 1505 2648 sui
1555 2564 1737 2646 officium
1861 2634 1872 2652 .

240 2726 346 2798 esse,
377 2710 425 2781 ut
453 2699 496 2780 in
515 2699 711 2808 parochia
730 2700 886 2809 primos
916 2725 960 2800 se
990 2697 1212 2781 exhibeant
1240 2709 1281 2781 et
1300 2698 1560 2781 fidelissimos
1591 2696 1736 2778 Eccle-

239 2832 324 2915 siae
353 2830 472 2931 filios,
509 2832 662 2940 quippe
692 2832 764 2939 qui
793 2829 847 2920 ab
876 2841 1157 2914 assumentes
1184 2831 1366 2912 muneris
1395 2831 1460 2914 sui
1480 2830 1735 2941 dignitatem,

240 2946 470 3075 animarum
491 2961 726 3072 pastoribus
755 2964 942 3072 proxime
964 2964 1119 3074 juncti,
1151 2974 1292 3045 eorum
1322 2965 1365 3045 in
1395 2964 1602 3073 pascendo
1633 2963 1735 3046 ado·
1777 2942 1780 2949 ⁴

240 3097 417 3180 lesoente
449 3094 603 3179 Christi
632 3123 759 3206 grege
788 3097 996 3204 adjutores
1025 3097 1161 3179 vocati
1189 3109 1297 3181 sunt.
1348 3095 1460 3179 Hinc
1489 3097 1664 3179 docendi
1694 3097 1737 3177 in

240 3229 391 3313 scholis
432 3229 662 3312 christianis
701 3231 957 3337 provinciam
991 3229 1277 3339 adgredientes
1306 3228 1603 3338 professionem
1640 3229 1737 3311 fidei

241 3391 268 3444 a
286 3360 474 3447 Ooncilio
494 3360 736 3444 Tridentino
753 3363 1048 3471 praescriptam
1068 3389 1208 3444 coram
1227 3361 1461 3445 dioeceseos
1482 3361 1737 3445 Scholastica

239 3496 307 3578 vel
335 3496 503 3578 foraneo
524 3495 722 3605 Episcopi
751 3495 915 3578 Vicario
946 3496 1145 3577 emittant.
1178 3495 1337 3577 Eadem
1366 3522 1417 3575 ex
1447 3522 1572 3578 causa
1600 3522 1736 3578 sacer-

240 3620 385 3711 dotum
405 3627 687 3712 catechesibus
715 3630 783 3738 pie
802 3629 1080 3713 auscultantes
1109 3629 1314 3728 intersint,
1344 3655 1496 3738 easque
1514 3655 1736 3737 puerorum

240 3761 462 3845 memoriae
491 3761 678 3872 diligenti
699 3763 940 3871 repetitione
969 3763 1227 3870 imprimant,
1258 3790 1307 3843 ae
1337 3759 1513 3845 uberiori
1543 3761 1665 3843 simul
1696 3770 1737 3842 et

241 3892 409 3977 firmiori
438 3894 606 3978 eosdem
635 3893 828 3976 historiae
857 3893 1033 3978 biblicae
1053 3895 1288 4006 cognitione
1317 3923 1391 4003 per
1410 3894 1665 4002 frequentem
1694 3894 1737 3975 in

241 4026 393 4110 scholis
421 4027 640 4110 lectionem
669 4027 852 4110 imbuere
881 4039 1084 4139 satagant.
1135 4027 1333 4111 Profanas
1362 4038 1502 4110 autem
1531 4028 1737 4109 tradentes

240 4161 433 4244 materias
463 4161 577 4243 omni
597 4171 763 4243 utantur
782 4162 998 4244 occasione
1027 4162 1082 4243 ad
1111 4188 1255 4244 sensus
1277 4159 1491 4270 religiosos
1521 4161 1564 4241 in
1584 4187 1736 4269 parvu-

242 4292 376 4376 lorum
416 4292 607 4378 cordibus
645 4295 949 4403 promovendos
989 4304 1030 4376 et
1069 4303 1235 4376 sanctae
1273 4295 1382 4375 vitae
1421 4293 1633 4403 proposita
1671 4291 1737 4373 vel

242 4427 459 4510 excitanda
487 4427 554 4509 vel
583 4425 799 4509 fulcienda.
859 4426 1130 4527 Institutioni‚
1166 4454 1273 4536 quae
1301 4426 1554 4508 intellectum
1583 4424 1737 4506 illumi-
1794 4406 1798 4413 ¹

241 4571 314 4643 nat
352 4572 395 4642 et
422 4560 625 4642 voluntati
653 4560 812 4641 motiva
840 4561 978 4665 offert,
1018 4559 1304 4645 rationabilem
1334 4558 1508 4668 Deoque
1542 4557 1739 4667 placitam

234 4694 417 4805 jungant
446 4692 726 4802 disciplinam,
757 4721 841 4803 qua
869 4694 1083 4778 deficiente
1110 4692 1300 4776 videlicet
1328 4692 1484 4803 ingenii
1511 4690 1741 4800 pehrlantr'a

242 4825 516 4926 intellectum,
547 4827 762 4935 carnisque
782 4827 1114 4937 concupiscentia
1138 4827 1395 4909 voluntatem
1424 4823 1620 4936 infiingit
1652 4823 1740 4906 De·

242 4960 369 5070 nique
399 4961 610 5071 juventuti
648 4958 727 5044 sibi
766 4961 944 5045 creditae
981 4961 1147 5071 pietatis
1186 4959 1453 5066 omniumque
1492 4958 1601 5041 vitae
1645 4985 1741 5040 vere

235 5077 488 5177 <christianae
516 5095 716 5208 virtutum
745 5093 970 5205 praebeant
997 5094 1254 5206 exemplum,
1292 5093 1466 5176 scientes
1501 5091 1619 5176 illum
1647 5103 1741 5174 tan-
