3960 5956
208 359 359 423 xxum
435 319 439 329 ’

210 558 296 622 detio
325 564 358 620 et
384 555 477 625 tituli>
497 554 624 640 septimi
652 556 691 617 dc
713 555 942 639 [decretoriam
967 557 1106 640 quaein
1140 553 1343 619 antecedenti
1365 554 1626 639 Congregatione
1647 575 1702 639 ge-

206 664 311 729 nerali
333 663 537 728 considerata
558 670 591 724 et
612 661 755 724 admissa
775 671 876 741 erant,
899 661 1188 745 promulgarentur.
1214 659 1391 723 Mandante
1413 658 1618 743 Metropolita
1639 661 1703 723 sin·

210 771 288 856 gula
315 793 425 835 eorum
454 772 561 855 capita
595 770 711 852 partim
739 789 759 830 a
786 769 889 852 primo
911 766 1102 849 Secretario,
1124 768 1243 852 partim
1263 787 1283 829 a
1305 765 1447 829 Notariis
1468 765 1598 850 publice
1619 764 1704 831 lecta

211 886 295 942 sunt.
318 877 415 941 Lecto
430 895 624 960 unoquoque
635 876 746 958 capite
760 873 1043 939 Eminentissimus
1057 873 1262 959 Metropolitas
1275 872 1575 938 Reverendissimos
1589 873 1703 938 Patres

198 968 346 1049 'Concilii
372 985 583 1067 interrogavit
607 980 657 1043 his
686 979 813 1045 verbis:
842 981 1019 1046 Placentnc
1040 985 1126 1045 vobis
1147 983 1224 1044 ltcec
1244 981 1396 1054 Decrctc,
1429 982 1705 1045 Reverendiarimi

212 1090 428 1175 confratres?
446 1089 511 1167 Qui
532 1107 642 1150 omnes
669 1083 921 1169 responderunt:
943 1086 1089 1150 Placent.
1111 1085 1394 1153 Eminentissimus
1409 1086 1613 1173 Metropolita
1628 1087 1704 1151 sub·

207 1199 336 1282 junxit:
358 1198 431 1261 Deo
452 1196 590 1278 cratim
709 1222 712 1227 ·

311 1328 526 1412 Promulgatis
555 1325 798 1412 promulgandis
828 1326 1032 1390 Promotores
1059 1328 1260 1410 institerunt,
1290 1335 1327 1389 ut
1347 1327 1495 1411 proxima
1516 1324 1624 1390 Sessio
1647 1346 1705 1410 pu·

212 1436 299 1501 blica
319 1439 353 1499 in
375 1422 563 1519 sequentem
584 1433 788 1498 Dominicam
810 1429 900 1496 XVI.
923 1441 996 1518 post
1017 1433 1231 1498 Pentecosten
1262 1435 1468 1515 indiceretur,
1492 1433 1579 1518 quod
1607 1455 1705 1518 quum

211 1543 364 1608 Patribus
385 1543 569 1628 placuisset,
592 1543 766 1605 Decretum
787 1540 973 1602 indictionis
995 1548 1044 1602 est
1065 1539 1313 1624 promulgatum.

311 1675 461 1760 Denique
484 1675 581 1759 jussu
609 1672 864 1736 Eminentissimi
892 1669 1115 1755 Metropolitae
1144 1674 1392 1736 instrumentum
1421 1695 1542 1758 eorum,
1565 1677 1705 1760 quaein

212 1785 274 1847 ista
295 1783 445 1848 Sessione
468 1791 541 1846 acta
562 1788 663 1862 erant,
685 1777 813 1861 lectum,
836 1777 952 1842 sacelli
969 1781 1085 1842 ostium
1108 1787 1255 1871 apertum
1277 1788 1310 1842 et
1331 1780 1440 1844 Sessio
1455 1803 1514 1866 per
1529 1781 1705 1846 solemnem

212 1890 470 1955 benedictionem
493 1888 748 1969 Eminentissimi
769 1885 860 1951 finita
881 1895 940 1951 est.
983 1886 1123 1951 Caetera
1150 1890 1240 1951 utin
1261 1890 1367 1973 prima
1389 1889 1539 1960 Sessione
1562 1897 1636 1953 acta
1658 1888 1706 1953 fu·

212 2008 316 2061 erunt.

621 2176 761 2232 Tertia
777 2174 1049 2247 θοιςηςιιιΙο
1066 2177 1302 2246 generalla

312 2370 376 2435 Die
398 2334 520 2433 ἀεσὶιηᾷ
541 2372 655 2451 quinto
676 2367 876 2454 Septembris
900 2325 990 2451 1860,
1013 2391 1096 2455 quae
1118 2377 1188 2433 erat
1209 2368 1486 2433 Sabbatumante
1502 2369 1707 2433 Dominicam

213 2480 304 2544 xvi.
330 2488 404 2564 post
433 2478 648 2541 Pentecosten
675 2478 757 2538 berc
783 2498 870 2539 coac
894 2479 1055 2540 matutina
1081 2480 1116 2539 in
1138 2478 1275 2539 oratorio
1306 2479 1470 2542 seminarii
1492 2477 1706 2563 archiepisco-

213 2587 295 2673 palis
317 2586 429 2651 habita
450 2594 500 2648 est
520 2585 737 2668 Congregatio
759 2583 921 2667 generalis
944 2575 1050 2647 tert-ic.
1368 2646 1376 2683 ¹

312 2716 530 2802 Synodalibus
552 2716 757 2799 congregatis
778 2714 1059 2778 Enunentissimus
1081 2714 1286 2800 Metropolitas
1313 2737 1378 2800 per
1394 2725 1566 2781 consuetas
1593 2693 1708 2802 preces

213 2825 484 2911 Congregationis
505 2832 614 2887 actum
636 2843 771 2886 exorsus
794 2832 853 2885 est.

313 2959 434 3022 lterum
462 2957 571 3043 plures
601 2954 745 3038 eClcro,
775 2958 829 3042 qui
855 2966 892 3019 ut
913 2958 989 3020 huic
1017 2958 1269 3042 Congregationi
1293 2958 1408 3022 adesse
1432 2957 1495 3022 sibi
1515 2956 1638 3040 liceret,
1659 2979 1709 3020 ro-

215 3073 397 3151 gaverant,
419 3065 461 3132 ad
483 3064 679 3131 audiendum
707 3066 840 3130 admissi
862 3078 946 3150 sunt,
968 3077 1178 3154 etquotquot
1200 3071 1406 3155 sponsionem
1429 3070 1545 3132 secreti
1567 3066 1710 3131 nondum

212 3172 395 3255 ediderant,
424 3195 496 3237 eam
518 3183 672 3237 consueto
694 3175 788 3239 modo
811 3178 995 3238 emiserunt.
1150 3164 1155 3174 ’
1510 3160 1513 3167 ’

314 3310 498 3374 Praemisso
512 3309 619 3374 rituali
635 3332 692 3394 per
706 3310 1003 3374 Eminentissimum
1018 3310 1206 3375 Praesidcm
1219 3312 1453 3392 exhortatione,
1475 3311 1600 3393 exejus
1621 3271 1710 3372 luan-

216 3418 290 3482 dato
313 3417 561 3482 considerationi
583 3417 793 3502 Synodalium
815 3422 918 3504 primo
933 3419 1060 3483 oblatus
1083 3429 1132 3483 est
1154 3420 1265 3484 titulus
1288 3422 1401 3484 tertius
1422 3420 1462 3481 de
1484 3418 1581 3481 Gutta
1602 3416 1711 3480 divino

215 3533 366 3608 tractans,
390 3547 486 3611 quem
508 3513 777 3609 praecedentibus
800 3526 915 3590 dicbus
938 3526 1082 3590 secunda
1103 3525 1293 3591 Commissio
1317 3525 1450 3611 speciali
1472 3526 1613 3589 examini
1636 3522 1711 3587 sub·

215 3635 356 3697 miserat
399 3633 507 3716 Lectis
529 3634 727 3717 singulorum
749 3639 891 3720 capitum
915 3635 1063 3699 Decretis
1089 3636 1204 3700 eodem
1225 3635 1337 3717 modo,
1370 3657 1410 3698 ac
1441 3635 1475 3698 in
1504 3633 1713 3718 praecedenti

214 3738 475 3825 Congregatione
496 3739 651 3825 generali,
679 3751 866 3827 praesentes
887 3741 930 3805 ab
952 3741 1214 3806 Eminentissimo
1236 3739 1441 3826 Metropolita
1463 3739 1505 3804 ad
1529 3739 1712 3820 dicendum,

216 3846 296 3932 quid
317 3847 575 3924 animadvertere
596 3848 726 3931 vellent,
748 3851 875 3938 invitati
897 3855 981 3913 sunt

317 3979 355 4044 In
377 3983 480 4066 primo
502 3982 608 4065 capite
630 3983 701 4065 ipse
721 3981 1002 4045 Eminentissimus
1032 3980 1170 4044 Praeses
1192 3981 1290 4067 legem
1311 3980 1463 4045 servandi
1485 3987 1560 4043 ante
1582 3978 1633 4043 Ss.
1655 3978 1712 4043 Ss-

217 4089 373 4155 orificium
385 4087 505 4151 Missae
510 4090 633 4172 jejunii
643 4089 819 4161 accuratu,
838 4086 1061 4152 sacerdotibus
1075 4086 1284 4153 celebraturis
1296 4089 1439 4172 graviter
1449 4085 1633 4168 inculcavit,
1644 4095 1718 4151 tex··

217 4199 328 4282 tuique
342 4195 455 4277 verba,
477 4217 561 4281 quae
582 4216 620 4259 eo
635 4199 807 4283 pertinent,
829 4198 928 4261 inseri
945 4197 1054 4281 jussit.
1076 4197 1184 4260 Etiam
1206 4218 1248 4260 ex
1270 4197 1477 4281 congregatis
1495 4196 1713 4280 Synodalibus

218 4305 327 4391 plures
356 4305 526 4370 occasione
554 4326 645 4368 suern
675 4308 867 4370 sententiam
895 4305 996 4370 libere
1023 4302 1151 4370 dicendi
1173 4308 1224 4369 usi
1247 4314 1331 4385 sunt,
1353 4313 1451 4388 atque
1471 4303 1636 4384 nonnulla,
1658 4303 1715 4367 ubi

218 4432 328 4477 eorum
352 4413 587 4498 propositiones
609 4410 797 4496 probandae
811 4411 1016 4494 videbantru,
1038 4414 1072 4474 in
1087 4420 1179 4476 textu
1200 4411 1476 4478 decernendorum
1493 4419 1615 4475 mutata
1629 4420 1714 4476 sunt.

317 4543 525 4608 Postmodum
553 4542 637 4608 lecta
663 4552 696 4606 et
725 4543 904 4629 approbata
934 4555 1008 4610 sunt
1036 4545 1091 4609 illa
1120 4548 1159 4609 de
1185 4547 1406 4610 Scercmcntia
1442 4545 1602 4628 Decreta,
1631 4565 1715 4630 quae

96 4695 105 4710 ,
220 4649 312 4717 titulo
340 4661 456 4737 quarto
483 4651 716 4736 comprehensa
747 4653 781 4714 in
809 4651 956 4736 pluribus
978 4652 1294 4738 congregationibus
1323 4652 1574 4738 particularibus
1600 4655 1715 4717 tertiae

219 4759 464 4825 Commissionis
485 4758 672 4843 singillatim
694 4761 879 4823 examinata
900 4761 1037 4825 fuerant.

317 4864 426 4945 Quum
448 4866 588 4954 denique
609 4891 703 4933 nemo
726 4867 848 4954 aliquid
870 4867 1065 4952 obmoveret,
1087 4873 1217 4955 negotio
1240 4870 1336 4953 hujus
1350 4868 1620 4954 congregationis
1642 4890 1714 4955 per·
1761 4926 1764 4931 i

221 4984 293 5040 acto
315 4973 518 5039 Promotores
540 4977 788 5061 interrogarunt,
803 4998 880 5040 num
894 4976 1037 5043 Sessioni
1059 4975 1213 5063 publicae·
1223 4979 1257 5041 in
1272 4987 1460 5063 sequentem
1475 4977 1560 5042 diem
1575 4977 1716 5041 indictae

221 5105 338 5148 revera
359 5083 490 5148 daretur
510 5081 611 5148 locus.
639 5083 736 5164 Quod
758 5106 857 5170 quum
878 5106 898 5147 a
919 5084 1210 5150 Reverendissimis
1231 5084 1382 5149 Patribus
1404 5084 1598 5150 affirmabam
1620 5092 1716 5167 esset,

222 5189 442 5275 Congregstio
463 5188 627 5276 generslfl
646 5210 707 5277 per
727 5199 899 5256 consuetas
919 5213 1034 5278 preces
1055 5191 1148 5257 finita
1169 5200 1227 5256 est
