3960 5956
1657 373 1785 470 19·

206 546 431 680 impensius
461 571 735 655 venerabilem
775 568 943 652 Clerum
982 566 1037 648 ad
1076 568 1304 675 gustandos
1345 518 1540 651 salutiferi
1580 574 1702 684 hujus
1796 597 1814 678 ᾗ

206 705 385 786 exercitii
424 703 579 785 fructus
618 714 858 817 provocant,
889 715 1050 782 utnon
1081 701 1163 780 oris
1192 709 1355 780 tantum
1384 700 1587 803 facundia
1629 707 1702 810 sed
1838 793 1841 797 ,

207 838 374 945 proprio
413 820 683 945 potissimum
716 835 907 943 exemplo
947 831 1165 945 plebem
1152 833 1230 913 sibi
1268 835 1532 917 commissam
1564 837 1703 921 Deum

206 969 496 1051 absconditum
526 969 697 1051 adorare
728 970 885 1050 doceat.

812 1307 1003 1395 CAPUT
1032 1310 1104 1392 VI.

290 1588 294 1601 ·
431 1504 508 1630 De*
528 1549 870 1651 spiritualibus
899 1550 1145 1631 exercitiis
1176 1512 1481 1637 clericorum.
1600 1557 1603 1560 ⁴

325 1818 500 1901 Sacra
489 1819 589 1925 rpsis
629 1819 708 1927 piis
749 1814 903 1925 Christi
928 1816 1118 1899 fidelibus
1155 1819 1346 1900 exercitia
1385 1818 1439 1899 ad
1464 1757 1705 1941 augendam

208 1951 522 2060 perfectionem·
532 1920 904 2049 commendaturus,
936 1949 1307 2031 similitudinems.
1346 1949 1589 2034 Franciscus
1627 1951 1705 2035 Sa·

208 2085 334 2168 lesius
370 2084 425 2167 ab
464 2084 682 2193 horologio
723 2085 880 2191 repetit,
921 2083 1034 2192 quod
1074 2085 1149 2166 etsi
1179 2112 1253 2191 per
1287 2083 1473 2192 singulos
1504 2084 1591 2165 dies
1621 2087 1705 2167 suis

208 2217 461 2326 ponderibus
500 2219 746 2315 restituatur,
786 2215 1055 2297 nihilominus
1094 2228 1234 2297 tamen
1275 2218 1486 2324 interjecto
1515 2217 1705 2326 longiori

209 2361 394 2460 tempore
425 2350 596 2438 dissolvi
625 2349 740 2447 solet,
771 2358 818 2429 ut
846 2349 986 2431 ablata
1016 2351 1222 2458 aerugine,
1254 2360 1295 2429 et
1324 2350 1558 2431 restauratis
1579 2349 1705 2430 ferra·

209 2485 370 2584 mentis,
402 2482 596 2575 diutruno
626 2510 704 2563 usu
733 2481 891 2581 laxatis,
922 2482 1070 2562 iterum
1099 2482 1330 2588 rectiusque
1360 2482 1591 2563 commodis
1629 2510 1706 2563 no·

210 2617 303 2698 stris
318 2618 524 2699 inserviat
548 2614 714 2715 Quanta
729 2614 1011 2696 sacerdotibus
1026 2615 1079 2695 sit
1088 2615 1321 2712 necessitas,
1339 2614 1618 2722 spiritualibus
1634 2629 1706 2726 ex·

210 2751 359 2831 ercitiis
389 2751 580 2832 recreari:
610 2777 659 2829 ex
682 2750 773 2856 ipso
797 2776 828 2827 s.
846 2746 963 2827 Pauli
995 2745 1187 2854 Apostoli
1203 2747 1367 2855 eloquio
1390 2747 1704 2857 colligerelicet,

210 2906 299 2988 quc,
321 2883 517 2963 nimirum
556 2881 838 2977 admonemur,
869 2868 915 2960 ut
944 2880 1231 2963 resuscitemus
1266 2881 1442 2989 gratiam
1474 2879 1564 2976 Dei,
1596 2896 1703 2998 quae

212 3015 346 3096 estin
376 3013 498 3096 nobis
528 3041 601 3121 per
629 3013 937 3122 impositionem
968 3040 1178 3093 manuum.
1312 3073 1315 3079 .

252 3212 256 3219 ·
325 3170 560 3254 Novissime
589 3182 728 3251 autem
760 3170 1026 3251 Beatissimus
1047 3169 1168 3250 Pater
1188 3169 1373 3277 Epistola
1395 3168 1707 3276 Eucyclica'die

81 3319 87 3325 '
212 3308 251 3386 9.
282 3302 530 3427 Novembris
564 3304 675 3384 1846
705 3303 803 3384 data
833 3333 976 3386 omnes
1007 3304 1131 3386 Urbis
1162 3315 1203 3385 11
1232 3303 1355 3386 Orbis
1384 3306 1546 3385 monuit
1583 3303 1707 3412 Epis·

71 3427 74 3433 ’
211 3441 351 3544 copos,
381 3447 437 3537 ut,
468 3437 639 3518 cumeis
669 3447 928 3545 compertum
958 3439 1020 3537 sit,
1056 3437 1135 3538 ,ad
1165 3436 1429 3518 ecclesiastici
1445 3434 1612 3517 Ordinis
1643 3436 1707 3518 di-

211 3569 412 3678 gnitatem
442 3579 483 3650 et
511 3569 830 3651 sanctimoniam
859 3569 1117 3652 retinendam
1146 3578 1187 3651 et
1224 3568 1550 3651 conservandam
1589 3569 1706 3676 pium

212 3701 485 3809 spiritualium
515 3691 801 3782 exercitiorum
840 3703 1072 3784 institutum
1111 3702 1178 3783 vel
1217 3702 1397 3812 maxime
1437 3702 1702 3800 conducere,“

215 3862 289 3942 pro
329 3833 555 3942 episcopali
595 3834 684 3915 zelo
724 3844 810 3915 tam
851 3836 1027 3932 salutare
1067 3862 1172 3942 opus
1211 3814 1367 3942 urgere,
1408 3862 1633 3943 omnesque
1664 3829 1708 3915 in

213 3952 366 4048 sortem
382 3965 554 4048 Domini
574 3978 744 4047 vocatos
775 3995 942 4048 monere
972 3996 1057 4048 non
1088 3968 1369 4065 intermittant,
1405 3975 1476 4067 ,ut
1506 3994 1629 4075 saepe
1658 3968 1701 4048 in

214 4109 494 4208 opportrmum
523 4099 704 4208 aliquem
734 4100 873 4182 locum
903 4100 1048 4181 iisdem
1079 4100 1325 4210 peragendis
1355 4101 1557 4181 exercitiis
1596 4127 1709 4181 sece-

214 4231 325 4331 dant,
357 4259 439 4341 quo
470 4232 738 4315 exterioribus
769 4235 876 4314 curis
906 4235 1106 4341 sepositis,
1147 4261 1197 4312 ac
1235 4232 1531 4313 vehementiori
1572 4232 1708 4332 studio

215 4375 472 4448 aeternarum
502 4365 818 4475 divinarumque
847 4396 983 4448 rerum
1012 4365 1271 4447 meditationi
1302 4377 1507 4463 vacantes,
1537 4374 1709 4445 111011-

215 4509 365 4582 tractas
396 4498 448 4582 de
476 4498 705 4580 mundano·
720 4499 888 4607 pulvere
918 4498 1059 4580 sordes
1089 4498 1299 4607 detergere
1328 4487 1369 4578 et
1389 4497 1709 4579 ecclesiasticum

194 4633 405 4741 spiritum
434 4660 633 4714 renovare
653 4634 825 4740 possint,
856 4641 979 4740 atque
995 4632 1270 4740 exspoliantes
1300 4640 1478 4711 veterem
1499 4629 1710 4711 hominem
1737 4722 1740 4726 J

216 4794 311 4847 cum
340 4765 500 4849 actibus
540 4767 637 4866 suis,
675 4795 831 4854 novum
871 4765 1056 4863 induant,
1096 4767 1168 4872 qui
1198 4773 1357 4844 creatus
1393 4764 1526 4843 estin
1484 4762 1711 4870 mjustitia

215 4909 256 4982 et
285 4899 537 4980 1111111111.ιι

332 5050 408 5130 Ρ11
391 5060 530 5131 ternae
559 5015 681 5157 hujus
712 5047 899 5129 exlrortt
840 5057 882 5127 11
883 5047 1007 5127 timus
1039 5048 1208 5127 rninime
1230 5047 1491 5125 iunnemorrs
1512 5041 1709 5150 lipiscopi
1857 5143 1864 5156 ⁵

215 5182 328 5293 piam
358 5182 686 5293 peragendorum
708 5182 992 5262 exercitiorum
1023 5179 1295 5287 spiritualium
1315 5177 1486 5286 praxim,
1517 5176 1571 5256 ab
1591 5176 1710 5257 anuis
