3960 5956
797 681 988 787 caron
1023 682 1082 764 tv

296 899 368 979 De
395 897 749 980 Oollationibus
777 882 907 978 cleri
933 901 981 977 et
1008 850 1482 999 congregationibus
1508 916 1596 998 pro

418 1015 740 1098 dilucidandts
767 1014 1131 1118 quaestionibus
1158 1014 1456 1118 theologicis.
1514 1130 1519 1143 ι

320 1255 366 1336 1.·
416 1251 499 1351 Ut,
550 1280 674 1361 quem
723 1254 766 1334 in
816 1253 915 1335 viris
959 1251 1244 1339 ecclesiasticis
1306 1234 1500 1332 scientiae
1555 1276 1693 1335 sacrae
1822 1261 1825 1269 '

200 1381 400 1467 fervorem
440 1385 754 1485 desideramus,
810 1385 1020 1466 communi
1064 1383 1236 1465 fratrum
1280 1382 1481 1467 industria
1524 1409 1694 1490 promo-

201 1515 286 1596 veri
306 1543 357 1597 ac
396 1516 518 1626 dirigi
553 1517 696 1599 ¹felices
730 1517 1008 1626 experiamur:
1054 1515 1344 1598 communibus
1383 1517 1427 1598 in
1465 1515 1545 1596 hac
1585 1511 1695 1627 Sym

200 1647 282 1730 odo
322 1648 469 1732 studiis
508 1649 563 1731 ad
602 1650 929 1759 promovendam
960 1632 1290 1751 concreditomm
1320 1648 1494 1729 salutem
1535 1639 1714 1766 intentip

201 1778 292 1862 illas
321 1809 407 1874 non
436 1809 658 1891 possumus
698 1781 938 1864 collationes
969 1779 1079 1866 Cleri
1120 1781 1281 1863 silentio
1322 1781 1550 1890 praeterire,
1592 1766 1697 1889 quas

201 1896 331 2022 ipsius
350 1912 424 1997 filii
444 1911 589 1996 Sirach
605 1913 770 2023 eloquio
788 1914 1078 2003 commendare
1098 1913 1244 2023 placet,
1261 1912 1455 1996 dicentis:
1492 1911 1564 2013 „ln
1585 1911 1695 1995 mul·

199 2043 374 2129 titudine
403 2046 737 2155 presbyterorum
767 2060 840 2146 sta,
872 2056 913 2128 et
942 2048 1168 2156 sapientiae
1193 2046 1359 2128 illorum
1380 2074 1430 2127 ex
1451 2046 1573 2127 corde
1594 2073 1696 2127 con-

191 2178 379 2288 jungere,
419 2188 466 2260 ut
505 2207 672 2261 omnem
704 2181 982 2264 narrationem
1013 2179 1091 2265 Dei
1122 2180 1256 2287 possis
1286 2179 1464 2260 audire.“
1482 2176 1514 2256 1)
1575 2177 1696 2287 Vigi-

199 2309 374 2392 lantium
399 2306 613 2394 ‘Ecclesiae
643 2306 888 2395 Antistitum
919 2313 1117 2394 mandata
1152 2323 1193 2393 et
1232 2313 1402 2420 copiosa
1432 2309 1697 2419 Synodorum

200 2441 364 2525 decreta
392 2443 538 2527 talium
578 2444 858 2538 collationum,
890 2473 993 2555 quas
1024 2473 1138 2530 more
1168 2456 1309 2527 nostro
1341 2443 1569 2554 pastorales
1598 2472 1695 2551 pas·

202 2574 282 2656 sim
320 2575 529 2684 appellare
569 2579 870 2675 consuevimus,
911 2576 1210 2690 institutionem
1240 2571 1282 2658 et
1320 2577 1498 2659 fluctum
1533 2576 1697 2684 magnis

201 2708 401 2791 encomiis
440 2720 642 2792 enarrant.
704 2708 881 2793 Sanctus
921 2708 1096 2793 Carolus
1136 2709 1410 2792 Borromaeus
1451 2736 1697 2818 congressus

201 2839 327 2921 hosce
356 2842 546 2927 nominat
574 2842 738 2930 scholas
767 2853 892 2951 atque
922 2845 1233 2927 exercitationes
1263 2842 1505 2929 nouaclum
1536 2841 1696 2932 studio<

201 2999 304 3071 rum,
335 2972 408 3056 sed
437 2975 562 3082 etiam
593 2974 824 3057 officiorum
854 2975 1234 3076 ecclesiasticorum·
1292 2977 1335 3059 in
1381 2975 1527 3056 ultima
1547 2973 1697 3056 Archi·

203 3101 438 3188 dioecesem
468 3105 681 3216 Pragenae
712 3107 884 3216 Synodo
915 3089 1258 3196 commendantur
1288 3136 1365 3190 ceu
1395 3109 1601 3216 optimum
1631 3108 1698 3188 in-
1746 3170 1749 3175 .

205 3237 403 3337 stitutum,
434 3267 486 3321 ex
515 3267 598 3348 quo
629 3241 821 3324 videlicet
849 3243 893 3325 in
923 3242 1199 3329 ecclesiastica
1228 3240 1447 3348 disciplina
1466 3269 1551 3321 non
1572 3239 1699 3322 modo
1777 3303 1780 3306 ,

204 3369 426 3471 retinenda,
456 3370 531 3453 sed
561 3373 686 3457 etiam
716 3373 985 3463 instauranda
1013 3374 1209 3456 uberrimi
1238 3374 1393 3455 fructus
1423 3374 1580 3483 percipi
1601 3400 1699 3480 posf

204 3487 297 3585 sint.
314 3499 348 3584 2)
407 3502 644 3610 Novissime
673 3518 812 3589 autem
842 3506 1135 3590 Sanctissimus
1164 3507 1285 3603 Pater
1319 3535 1395 3607 ,ne
1425 3507 1468 3586 in
1508 3505 1699 3587 sacerdo·
1817 3532 1836 3567 ···

203 3633 324 3736 tibus,
355 3637 427 3745 qui
456 3637 668 3724 decumae
697 3651 752 3721 et·
772 3639 939 3722 lectioni
979 3639 1188 3722 attendere
1227 3639 1390 3737 debent,
1430 3639 1583 3747 quique
1622 3635 1700 3746 ob-

205 3768 332 3853 stricti
348 3780 445 3853 sunt
464 3769 601 3861 officio
622 3772 799 3855 docendi
820 3773 1033 3881 populum,
1055 3801 1260 3870 sacrarum
1283 3770 1593 3879 disciplinarum
1613 3780 1700 3850 stu·

208 3888 323 3983 dium
353 3930 537 4011 unquam
566 3893 853 4015 restinguatm,
885 3918 957 3986 aut
986 3905 1227 4015 languescat
1256 3904 1480 3986 industria“
1525 3904 1699 4011 optatis·
1792 3899 1794 3902 ⁴

205 4035 357 4116 simum
386 4034 466 4117 sibi
496 4035 686 4133 declarat,
717 4049 763 4119 ut
798 4039 841 4120 in
881 4039 1075 4120 omnibus
1115 4037 1372 4119 dioecesibus
1413 4037 1712 4134 „inofficiantur

211 4168 454 4275 opportunis
485 4157 637 4278 regulis
667 4198 912 4281 congressus
942 4171 994 4252 de
1023 4199 1186 4252 morum
1215 4171 1454 4278 praesertim
1480 4169 1700 4278 theologia,

208 4329 258 4380 ac
298 4299 349 4381 de
387 4302 514 4383 sacris
553 4301 709 4403 ritibus,
750 4302 804 4383 ad
844 4331 949 4411 quos
988 4303 1140 4414 singuli
1178 4304 1438 4411 potissimum
1474 4301 1701 4409 presbyteri

205 4442 422 4514 teneantur
450 4433 654 4532 accedere,
686 4446 727 4516 et
765 4434 910 4517 afferre
949 4438 1102 4544 scripto
1132 4437 1419 4544 consignatam
1450 4431 1701 4541 quaestionis

205 4563 259 4646 ab
290 4563 501 4675 Episcopo
531 4569 768 4675 propositae
797 4569 1124 4677 explicationem,
1155 4582 1196 4649 et
1224 4569 1365 4676 aliquo
1386 4567 1584 4675 temporis
1605 4594 1701 4673 spa-

205 4697 264 4778 tio
305 4699 411 4778 inter
449 4727 494 4779 se
534 4698 745 4798 disserere,
786 4708 1007 4811 postquam
1047 4702 1196 4810 aliquis
1236 4730 1286 4783 ex
1323 4701 1424 4810 ipsis
1454 4699 1703 4807 presbyteris
1828 4723 1836 4731 ·

205 4858 437 4913 sermonem
467 4830 520 4913 de
549 4832 872 4915 sacerdotalibus
902 4836 1121 4942 praecipue
1151 4830 1553 4951 officiissrabuerit‘⁴
1574 4828 1608 4911 3)

219 5013 403 5028 *-

257 5091 277 5174 Ι)
300 5091 402 5156 Eccli.
424 5093 454 5156 6.
476 5092 527 5157 36.
564 5092 592 5177 ²)
615 5092 667 5157 De
688 5093 875 5160 Archidiac.
899 5067 1001 5161 dioec.
1040 5097 1067 5182 ³)
1090 5095 1150 5160 Lit.
1173 5093 1216 5158 ad
1243 5095 1362 5158 Antist.
1385 5094 1467 5180 imp.
1491 5096 1583 5158 Aust.
1607 5091 1701 5158 datae

300 5200 350 5264 17.
370 5199 467 5265 Mart.
493 5199 583 5287 1857,
606 5200 791 5289 „Singulari
812 5203 974 5291 quidem.“
