3960 5956
834 466 837 473 ’
886 482 1077 584 eaeor
1109 502 1182 586 ru.

383 707 385 712 ’
505 786 522 819 4,
624 717 695 796 De
721 735 867 815 sacra
888 715 1182 799 clericorum
1207 719 1424 800 scientia.
1551 758 1554 762 ⁴

411 997 429 1033 „
437 933 559 1013 Fides
569 936 845 1032 inexercitata,
855 938 913 1016 ait
928 964 958 1016 s.
978 935 1233 1035 Ambrosius,
1250 916 1480 1047 languescit
1489 946 1533 1019 et
1540 937 1691 1020 crebris
1700 939 1782 1019 oti-

291 1095 365 1147 osa
374 1076 554 1147 tentatur
571 1066 857 1147 incommodis,
876 1067 1085 1181 Remissas
1097 1069 1291 1150 excubias
1307 1069 1479 1150 callidus
1496 1069 1710 1158 insidiator
1724 1071 1780 1151 ir·
1860 1163 1870 1178 .

292 1200 457 1306 rumpit.
481 1198 567 1278 Pax
594 1227 692 1307 ergo
719 1198 815 1280 fidei
836 1201 1068 1307 corruptela
1090 1211 1171 1304 est3
1203 1230 1308 1310 quos
1329 1202 1437 1284 bella
1453 1230 1538 1282 non
1564 1200 1781 1311 fregerant,

291 1333 376 1412 otia
391 1340 586 1412 tentant.“
609 1329 640 1410 1)
678 1330 717 1411 N
718 1361 741 1411 e
755 1333 989 1440 provocatis
1006 1362 1078 1440 per
1093 1337 1177 1414 otia
1198 1335 1388 1441 periculis
1405 1332 1554 1416 Clerici
1569 1332 1665 1415 fidei
1682 1361 1781 1416 suae
1882 1429 1885 1434 ,

292 1493 341 1545 ae
371 1464 513 1544 salutis
544 1463 832 1544 detrimentum
864 1468 1080 1573 patiantur,
1111 1467 1334 1548 multifaria
1372 1469 1552 1549 muneris
1592 1467 1784 1549 sacerdo·

292 1597 387 1678 talis
408 1609 448 1677 et
468 1623 588 1676 curae
609 1597 826 1702 pastoralis
842 1597 978 1678 officia
999 1608 1146 1705 sponte
1162 1599 1443 1708 praepediunt,
1465 1600 1615 1709 quibus
1630 1601 1785 1708 quippe

293 1729 457 1839 pondus
494 1727 577 1809 'diei
619 1739 658 1809 et
697 1717 839 1809 aestus
873 1741 1035 1837 portare
1068 1732 1274 1840 jubemur,
1315 1733 1387 1814 sed
1426 1743 1467 1815 et
1506 1745 1666 1842 praeter
1694 1734 1783 1843 agri

161 1959 166 1968 ,
293 1867 502 1949 Dominici
534 1865 746 1960 culturam,
778 1892 849 1945 seu
880 1867 1017 1972 potius
1047 1878 1214 1974 propter
1253 1895 1344 1948 eam
1385 1869 1518 1975 ipsam
1558 1867 1612 1948 ad
1652 1867 1786 1948 conti-

289 2009 421 2082 'nuum
452 1991 603 2108 pariter
630 2027 681 2079 ao
711 1999 962 2080 laboriosrun
1000 2028 1138 2081 sacrae
1178 2004 1371 2083 scientiae
1411 2002 1592 2083 studium
1633 2029 1785 2110 provo-

294 2139 460 2221 camur(
508 2134 740 2236 Quominus
770 2146 907 2216 autem
938 2134 1114 2217 blandae
1144 2137 1236 2242 paci
1268 2135 1529 2243 indulgentes
1564 2123 1786 2243 sepiamur,

294 2275 385 2382 ipsa
414 2272 627 2365 militantis
657 2269 866 2350 Ecclesiae
897 2268 1079 2349 conditio
1109 2268 1320 2376 prohibet,
1352 2270 1417 2348 cui
1444 2296 1549 2366 ,eum
1590 2265 1788 2349 continua

212 2462 214 2467 s
295 2408 349 2489 sit
388 2405 623 2486 colluctatio
664 2403 859 2484 adversus
899 2430 1063 2482 carnem
1095 2412 1135 2481 et
1165 2403 1420 2509 sanguinem,
1451 2400 1522 2506 illo
1553 2401 1787 2510 instigante,

281 2541 367 2648 'qui
397 2539 451 2620 ab
491 2538 608 2617 initio
648 2534 826 2655 mendax
867 2546 939 2627 est,
970 2534 1023 2614 ad
1055 2533 1323 2615 coercendam
1355 2561 1521 2641 quoque
1550 2535 1684 2614 camis
1713 2560 1788 2641 pe-

295 2673 495 2776 tulantem
526 2667 784 2776 prudentiam
818 2679 858 2747 et
886 2666 977 2747 falsi
1009 2668 1188 2747 nominis
1218 2668 1431 2747 scientiam
1471 2658 1618 2774 vigiles
1658 2665 1788 2774 depo-

296 2807 362 2888 siti
394 2802 584 2884 custodes
615 2799 845 2881 sacerdotes
876 2810 1038 2907 praesto
1070 2802 1151 2879 sint
1182 2806 1353 2907 oportet,
1387 2798 1542 2907 Spiritu
1563 2799 1788 2906 sapientiae

296 2949 338 3019 et
376 2935 604 3017 intellectus
644 2934 797 3041 repleti,
839 2932 1025 3013 doctrina
1065 2943 1105 3012 et
1144 2935 1313 3013 veritate
1352 2931 1522 3027 loricati,
1555 2931 1788 3012 divinorum

216 3064 219 3069 ’
298 3069 466 3152 scientia
497 3066 603 3149 bene
633 3065 743 3146 docti
774 3066 827 3147 ad
858 3063 1071 3174 proelium.
1133 3066 1294 3146 Anxius
1324 3064 1438 3145 nullo
1479 3094 1565 3146 non
1603 3074 1806 3172 tempore

300 3202 418 3306 dolor
449 3210 536 3281 erat
565 3200 658 3307 piae
673 3198 797 3278 Maur
826 3198 1045 3297 Ecclesiae,
1081 3200 1280 3298 ,inscium
1311 3198 1462 3279 vidisse
1493 3198 1790 3307 presbyterum,

299 3335 365 3417 cui
396 3333 587 3443 congruit
615 3333 850 3413 universum
882 3331 1040 3412 erudire
1067 3333 1267 3440 populum
1287 3344 1330 3413 ‘et
1349 3333 1403 3414 ad
1424 3360 1466 3414 se
1488 3331 1790 3414 confluentibus

299 3466 459 3549 monita
488 3464 707 3572 propinare
737 3464 890 3544 salutis.
904 3463 1172 3545 -Sacerdos
1202 3465 1323 3560 eninr,
1355 3466 1425 3572 qui
1456 3464 1591 3574 legem
1611 3463 1691 3582 Dei
1713 3490 1788 3544 ne·
1835 3478 1849 3493 ·

300 3595 468 3681 sciendo
490 3595 701 3703 delinquit,
733 3597 817 3676 suis
838 3598 961 3676 etiarn
982 3597 1184 3705 populum
1205 3598 1384 3705 peccatis
1405 3593 1589 3695 involvit,
1621 3608 1662 3676 et
1681 3623 1788 3705 quos

300 3730 446 3811 doctus
476 3728 654 3809 relevare
675 3740 874 3836 potuerat,
896 3756 1035 3810 secum
1057 3729 1178 3831 simul
1199 3758 1271 3836 per
1291 3730 1537 3836 imperitiam
1558 3738 1741 3838 gravat“
1757 3724 1817 3808 2).

300 3860 474 3943 Accedit
503 3870 640 3939 autem
671 3859 790 3940 malis
820 3861 932 3941 hisce
962 3861 1107 3943 diebus
1137 3872 1178 3942 et
1206 3860 1288 3962 alia
1318 3860 1471 3942 doloris
1511 3889 1655 3960 causa,
1696 3888 1791 3942 cum

300 3992 485 4100 alioquin
515 3992 722 4071 neminem
752 3991 886 4087 lateat,
919 3994 1068 4101 quibus
1089 4006 1129 4074 et
1149 3995 1313 4102 quantis
1335 3993 1531 4075 conviciis
1552 3992 1792 4100 superbien-

300 4135 362 4206 tes
393 4120 589 4231 profanae
619 4121 801 4238 culturae
831 4122 1009 4205 fautores
1040 4125 1269 4206 Ecclesiam
1300 4124 1524 4223 offendunt,
1555 4127 1674 4208 acsi
1714 4124 1793 4206 hu-

258 4313 261 4318 ·
302 4255 416 4335 mani
446 4253 601 4362 ingenii
632 4255 919 4337 conaminibus
950 4258 1117 4368 inimica
1146 4254 1365 4338 eruditiossi
1396 4285 1445 4336 ac
1475 4258 1669 4338 scientiae
1699 4257 1793 4336 uni·
1835 4278 1839 4284 ’

268 4387 452 4494 .versim
482 4412 628 4493 parum
658 4388 946 4492 patrocinetur.
1008 4387 1070 4468 Ne
1101 4388 1222 4496 hujus
1253 4388 1406 4469 doloris
1446 4416 1570 4469 causa
1610 4386 1793 4471 Clerico·
1839 4463 1841 4467 ,
1885 4416 1888 4420 Α

305 4547 395 4599 nnn
427 4518 551 4625 culpa
570 4528 780 4626 augeatur,
810 4521 992 4600 maxima
1011 4521 1159 4601 virium
1181 4522 1443 4601 contentione
1464 4520 1695 4601 cavendmn
1721 4530 1793 4602 est

421 4648 527 4731 Cum
561 4650 665 4730 serio
695 4651 932 4758 ponderatis
963 4653 1113 4733 saeculi
1135 4653 1257 4760 hujus
1278 4652 1515 4762 indigentiis
1536 4678 1796 4760 summopere

354 4912 374 4992 Γ)
398 4911 434 4973 ln
464 4910 517 4972 Ps.
550 4909 619 4972 118.
648 4930 741 4973 serm.
773 4912 821 4973 11.
850 4933 935 4974 num.
959 4912 1008 4975 21.
1032 4920 1064 4975 et
1085 4912 1135 4976 22.
1181 4912 1208 4994 ²)
1231 4910 1365 4977 Confer:
1388 4910 1420 4974 S.
1440 4911 1536 4975 Laur.
1557 4911 1732 4975 Justinian.
1756 4909 1796 4973 de

394 5019 478 5101 spir.
503 5019 598 5078 anim.
623 5019 713 5080 inter.
730 5018 783 5080 lib.
809 5021 835 5081 l.
858 5027 889 5080 et
914 5028 1003 5082 tract.
1027 5019 1066 5082 de
1082 5029 1263 5105 compunct.
1279 5028 1311 5080 et
1326 5018 1528 5103 complanctu
1544 5017 1644 5080 christ
1660 5017 1740 5104 pers.
1755 5055 1797 5066 -

399 5126 431 5186 S.
455 5124 521 5186 Pet.
539 5124 685 5186 Damian.
702 5134 800 5188 contr.
817 5127 921 5189 inscit.
937 5134 969 5188 et
984 5128 1084 5189 incur.
1102 5125 1185 5189 Cler.
1202 5146 1316 5211 opusc.
1338 5125 1388 5190 23.
