3960 5956
1559 351 1685 434 xnvn

196 558 285 620 breue
306 557 458 642 temporis
475 558 629 640 spatium,
650 560 804 622 materiae
827 555 1003 642 synon
1025 577 1122 642 qnam
1143 557 1375 640 pertractastis,
1397 553 1635 618 multitudinem
1657 559 1687 617 ct

194 663 449 746 mapnitndinem
471 670 667 748 spectemus:
691 665 796 727 omnia
818 663 900 726 haec
916 664 1208 745 prudentissimam
1222 650 1373 730 Vestram
1387 670 1527 727 mentem
1541 656 1687 743 faciende

193 776 354 835 testantur
374 771 507 835 summis
530 768 661 855 dignam
683 770 856 834 encomiis!

295 908 380 973 Sane
402 930 482 993 ego,
517 918 607 974 tamo
627 912 769 992 pretiosi
790 909 908 974 affectu
931 918 964 973 et
986 908 1122 984 dulciori
1141 912 1294 1000 memoria
1316 909 1424 974 Vestri
1455 906 1576 972 laboris
1603 928 1686 972 sem-

188 1037 251 1099 per
271 1015 476 1100 recordabor,
499 1022 618 1102 quanto
639 1019 759 1100 majus
790 1017 916 1081 laetitia
934 1016 1052 1081 Vestro
1074 1018 1232 1081 consortio
1255 1038 1314 1102 per
1328 1019 1462 1102 'tempus
1484 1033 1596 1080 sacras
1625 1014 1683 1080 hu·

188 1123 245 1208 jus
268 1122 391 1208 Synodi
413 1126 555 1208 perfrui,
582 1122 734 1187 Vestram
762 1122 966 1208 relig'onem,
997 1123 1183 1208 doctrinam,
1213 1124 1427 1209 Vestramque
1458 1127 1490 1187 in
1517 1143 1683 1188 commune
1720 1171 1722 1176 -

191 1230 359 1297 Ecclesiae
382 1230 510 1314 bonum,
532 1233 769 1316 insatipabilem
791 1254 921 1318 operam
954 1242 1101 1319 spectare
1124 1255 1164 1298 ae
1185 1235 1332 1296 oenman'
1353 1254 1404 1296 me
1426 1234 1578 1318 potuisse,
1602 1233 1686 1296 inter

186 1338 399 1422 felicissimos
420 1341 507 1404 vitae
529 1361 621 1405 meae
644 1338 713 1403 dies
735 1339 903 1425 reputabo.

291 1494 321 1558 2.
343 1492 465 1557 Verum
477 1502 585 1558 tamen
596 1495 712 1560 verosi
736 1494 935 1580 diligentiam
946 1518 1009 1561 non
1030 1498 1145 1578 minus,
1168 1503 1264 1580 atque
1275 1494 1479 1580 prudentiam
1492 1496 1526 1558 in
1541 1515 1684 1562 maran-

109 1661 111 1664 ,
192 1602 245 1664 dis
267 1600 406 1665 decretis
421 1600 631 1686 synodalibus
646 1604 875 1689 praestitimus,
897 1602 995 1667 fidem
1018 1623 1146 1688 quoque
1167 1590 1427 1668 eteonstantiam
1442 1599 1683 1686 inenequendis

192 1715 520 1793 servemus-oportet,
549 1717 587 1773 ut
614 1712 679 1793 ipsi
705 1713 795 1797 prius
818 1713 995 1794 faciamus,
1018 1731 1102 1796 quae
1125 1710 1287 1793 docemus,
1311 1712 1422 1797 sicque
1443 1708 1609 1775 absolutos
1629 1709 1685 1774 bo·

192 1837 304 1880 norum
325 1825 492 1902 pastorum
512 1838 662 1883 numeros
684 1816 907 1904 adimplentes,
930 1838 1007 1884 oves
1028 1820 1119 1882 nobis
1141 1817 1380 1901 conformando,
1423 1817 1593 1882 Pastorum
1606 1838 1684 1900 pro·

193 1931 302 2006 totypo
325 1923 559 1988 conformemus
579 1926 661 1991 Jesu
684 1925 835 1989 Christo!

289 2062 376 2128 Hinc
397 2064 568 2149 pastoralis
590 2064 687 2130 officii
710 2087 788 2130 eura
803 2085 882 2152 prae
897 2067 1034 2129 caeteris
1048 2086 1097 2130 me
1111 2086 1149 2129 ac
1170 2067 1244 2147 Vos,
1267 2064 1542 2131 Reverendissimi
1556 2064 1686 2133 Patresl

192 2168 353 2252 admonet,
376 2179 409 2234 et
430 2192 594 2236 sacrorum
616 2173 783 2237 Canonum
806 2171 937 2237 decreta
958 2175 1103 2257 exigunt,
1125 2182 1181 2255 ut,
1194 2193 1277 2258 quae
1299 2174 1332 2236 in
1353 2172 1415 2238 hoc
1436 2170 1615 2255 Conventu,
1632 2173 1684 2257 ju·

191 2284 289 2340 vante
311 2276 433 2362 Spiritu
454 2278 582 2362 Sancto,
604 2301 662 2365 pro
683 2289 791 2344 nostro
812 2281 987 2365 gregisque
1003 2279 1162 2343 Dominici
1177 2278 1280 2360 bono,
1302 2281 1406 2342 verbis
1427 2281 1562 2360 sancita,
1583 2281 1685 2360 scrip·

192 2391 288 2465 taque
308 2382 381 2468 lege
403 2395 538 2449 exarata
560 2395 650 2467 sunt,
672 2406 712 2449 ea
733 2408 801 2469 nos,
823 2385 866 2449 ad
889 2405 965 2449 suas
988 2385 1107 2470 singuli
1132 2385 1299 2450 Ecclesias
1321 2386 1437 2470 angelo
1453 2388 1568 2451 comite
1589 2372 1684 2450 redu·

192 2510 257 2572 ces,
274 2491 424 2573 fidelium
444 2494 595 2556 cordibus
620 2495 793 2557 inaremus.
827 2482 829 2485 ’

291 2631 372 2697 Cum
394 2644 500 2699 autem
524 2635 618 2699 usella
638 2635 703 2700 alia
735 2637 778 2700 ad
800 2636 885 2699 hunc
907 2634 1005 2699 finem
1027 2633 1265 2720 assequendum
1286 2635 1404 2697 rectior
1425 2635 1467 2697 sit
1487 2635 1558 2716 via,
1588 2653 1685 2719 quam

191 2739 345 2827 frequens
360 2742 486 2826 Synodi
507 2744 712 2806 dioecesanae
733 2740 925 2825 celebratio;
947 2741 1026 2806 nihil
1048 2740 1141 2805 nobis
1162 2743 1195 2804 in
1217 2740 1359 2804 futurum
1377 2742 1494 2825 poterit
1516 2761 1587 2803 esse
1608 2761 1685 2823 pra·

190 2849 271 2921 cius,
300 2847 345 2911 nil
367 2852 528 2924 sanctius,
566 2870 662 2934 quam
684 2857 720 2913 ut
741 2850 894 2912 citissime
917 2857 1159 2934 opportuneque
1187 2870 1229 2911 ex
1251 2850 1450 2933 praescripto
1472 2847 1514 2911 ab
1536 2845 1686 2911 Ecclesia

189 2976 291 3038 more,
324 2956 532 3021 dioecesanas
558 2977 790 3041 congregemus
812 2955 975 3040 Synodos,
998 2964 1046 3039 et,
1076 2956 1147 3019 Deo
1169 2953 1326 3039 adjutore,
1348 2956 1457 3018 omnia
1485 2963 1515 3017 et
1543 2954 1685 3037 sinpula,

190 3084 273 3147 quae
295 3064 329 3127 in
351 3063 411 3127 hoc
432 3062 621 3149 provinciali
649 3060 792 3125 Concilio
815 3071 949 3146 statuta,
984 3062 1114 3126 decreta
1136 3071 1169 3125 et
1190 3063 1345 3126 ordinata
1367 3069 1450 3142 sunt,
1477 3062 1526 3143 iis,
1550 3072 1685 3145 qu'orum

190 3170 340 3253 interest,
369 3173 432 3234 rite
460 3180 490 3234 ct
519 3171 657 3254 lepitime
678 3164 919 3256 annuntiemus,
948 3175 1118 3254 structaque
1139 3171 1299 3236 servanda
1326 3183 1366 3234 'ac
1398 3172 1582 3253 assequenda
1614 3192 1685 3256 pro·

191 3273 381 3359 mulgemns.

257 3434 261 3443 ·
287 3398 376 3480 Quid
405 3402 490 3464 enim
516 3400 688 3486 prodesset
716 3399 883 3485 Synodum
911 3401 1142 3487 provincialem
1172 3401 1316 3467 adunare
1338 3410 1371 3466 et
1391 3402 1425 3466 in
1446 3400 1589 3466 Concilio
1612 3422 1685 3465 con·

191 3509 331 3593 gregari,
354 3511 381 3571 si
404 3493 491 3594 quod
512 3510 731 3573 sanctionibus
752 3510 963 3574 salisberrime
984 3517 1137 3575 statutum
1158 3520 1218 3593 est,
1241 3530 1334 3593 opere
1354 3532 1418 3574 non
1440 3503 1684 3596 compleremus.

289 3649 377 3732 Quid
399 3673 537 3737 quaeso,
560 3651 778 3744 celeberrimae
800 3650 922 3736 Synodi
944 3652 1119 3737 Pragensis
1147 3647 1279 3717 [ultimae
1310 3652 1574 3726 demutationes,
1603 3672 1681 3736 quo·

191 3759 278 3822 niam
306 3760 457 3822 nimirum
486 3757 527 3823 ob
552 3767 732 3845 temporum
754 3761 973 3846 iniquitatem,
1007 3762 1049 3826 ad
1082 3764 1222 3845 effectum
1249 3760 1367 3825 deduci
1387 3759 1574 3843 nequivere,
1608 3757 1686 3842 quid

190 3855 322 3952 inquam
343 3868 386 3932 ad
408 3888 476 3930 rem
498 3867 752 3934 ecclesiasticam
774 3869 1035 3954 promovendam,
1059 3872 1091 3933 in
1113 3871 1206 3953 cujus
1229 3870 1349 3955 qnippe
1370 3868 1509 3953 gratiam
1536 3865 1685 3931 conditae
1777 3958 1778 3961 Ἴ
1881 3856 1884 3861 ’

190 3982 284 4038 erant
305 3983 338 4038 et
359 3976 512 4059 sancitae,
534 3977 688 4041 utilitatis
709 3977 1142 4063 attulere‘luConstitutiones
1176 3976 1312 4041 dicimus
1343 3973 1539 4062 praeclaras,
1562 3976 1594 4039 in
1616 3975 1684 4060 qui·

191 4079 253 4145 bns
275 4082 358 4145 nihil
378 4082 439 4146 fuit
459 4104 479 4146 a
500 4081 679 4166 Majoribus
700 4085 818 4147 nostris
841 4085 1003 4157 omissum,
1026 4082 1112 4168 quod
1135 4102 1207 4146 cum
1230 4081 1273 4145 ad
1294 4089 1382 4146 recte
1404 4081 1686 4150 medendumtum
1728 4117 1731 4125 ·

191 4188 234 4253 ad
263 4197 373 4254 sancte
403 4192 570 4253 uiuendum
598 4193 781 4275 pertineret.
814 4191 920 4281 Leges
949 4191 1093 4276 profecto
1130 4193 1190 4254 etsi
1212 4193 1360 4274 optimae,
1383 4195 1476 4251 muta
1496 4196 1604 4251 tamen
1625 4209 1678 4251 res
1797 4272 1813 4280 =

192 4303 283 4379 sunt3
305 4299 453 4382 utigitur
468 4298 855 4383 loquanturetnsoocant,
878 4310 914 4364 ut
930 4303 1155 4383 possedeant
1177 4310 1206 4364 et
1228 4303 1425 4376 convincant,
1448 4302 1680 4366 oita'animan·

192 4401 262 4487 dae,
285 4407 378 4489 praxi
400 4407 592 4471 exercendae
614 4414 701 4489 sunt3
725 4405 812 4470 haud
835 4426 929 4469 secus
950 4427 990 4469 ac
1011 4404 1104 4469 cibus
1126 4405 1369 4490 saluberrimus,
1392 4407 1504 4491 sapide
1527 4408 1683 4492 composi·

189 4520 242 4575 tus
264 4513 408 4597 sciteque
430 4521 572 4597 paratus,
594 4521 631 4575 ut
651 4534 768 4597 corpus
789 4519 928 4596 vegetet,
951 4513 1125 4575 sumendus
1146 4514 1257 4597 utique
1280 4520 1330 4576 est
1344 4522 1377 4577 et
1392 4535 1450 4598 per
1465 4534 1572 4577 omncs
1587 4535 1685 4577 venas

191 4617 430 4684 diffundendus.
876 4630 881 4640 '

287 4751 410 4822 Vocate
432 4753 540 4836 igitur,
573 4751 687 4817 Patres
708 4750 999 4817 Reverendissimi!
1033 4761 1157 4834 vocate,
1179 4761 1334 4837 tanquam
1354 4752 1466 4836 losse,
1489 4774 1615 4819 omnem
1636 4754 1684 4821 ls-

189 4857 271 4941 rael,
305 4857 465 4944 diciteque
494 4858 588 4924 Clero
618 4867 650 4924 et
676 4859 814 4945 populo:
845 4861 981 4935 „Estote
1004 4860 1157 4935 solliciti,
1177 4871 1213 4925 nt
1241 4863 1431 4926 custodiatis
1458 4872 1580 4937 cuncta,
1603 4885 1685 4946 quae

189 4968 313 5048 scripta
345 4977 421 5032 sunt
450 4970 486 5031 in
512 4967 670 5034 volumine
698 4969 777 5052 lepis
805 4969 934 5032 istius.“
976 4967 1116 5051 Moneta,
1153 4971 1209 5054 qui
1237 4971 1314 5034 estis
1342 4970 1545 5036 Protectores
1579 4970 1684 5035 salva·

189 5077 311 5139 tionum
332 5073 461 5160 Christi,
483 5077 620 5162 majores
642 5086 720 5142 natu
742 5077 782 5141 de
804 5076 960 5142 Ecclesiis
982 5075 1118 5160 Vestris,
1140 5084 1267 5141 monete
1280 5098 1385 5161 genus
1407 5076 1555 5161 electum,
1575 5077 1685 5162 regale

189 5184 417 5271 sacerdotium,
441 5194 473 5250 et
493 5185 535 5250 ad
556 5184 683 5272 eloquia
703 5193 812 5252 nostra
834 5184 1011 5270 synodalia,
1033 5187 1132 5250 corda
1152 5206 1262 5251 corum
1284 5186 1414 5271 erigite!
