3960 5956
242 336 287 432 ’14
434 378 489 427 ·.

326 601 328 607 ·
361 569 650 678 Apostolicum
679 564 923 651 mandatum
954 565 1139 676 piissima
1168 581 1306 652 mente
1346 580 1387 652 et
1426 565 1550 654 eorde
1589 566 1740 684 gratis-

245 704 350 783 simo
372 712 614 783 venerantes
652 704 868 784 statuimus
899 712 940 782 et
971 702 1265 808 praecipimus,
1296 713 1342 783 ut
1360 704 1463 785 tales
1493 732 1741 815 congressus

243 845 284 915 et
323 832 564 917 collationes
619 837 705 916 sive
744 833 920 915 morales
975 834 1061 914 sive
1100 833 1326 939 pastorales
1364 833 1454 917 tum
1493 838 1537 918 in
1569 838 1753 935 civitate.

223 969 389 1075 -quavis
429 966 671 1067 cathedrali,
712 979 801 1048 tum
841 993 915 1073 per
954 963 1140 1074 singulos
1180 964 1439 1051 Vicariorum
1477 967 1740 1050 foraneorum

243 1097 449 1180 districtus
480 1101 743 1180 restituantur
778 1109 819 1179 et
858 1098 1171 1208 diligentissime
1205 1098 1523 1208 frequententur.
1585 1100 1741 1183 Unius-

211 1234 441 1339 -cujusque
481 1231 680 1340 Episcopi
724 1233 819 1332 erit,
865 1231 1064 1341 singulari
1108 1259 1183 1338 pro
1225 1229 1347 1314 Clero
1392 1252 1490 1315 suae
1540 1232 1767 1316 dioecesis·

244 1367 511 1446 instructione
541 1367 795 1472 prospicere,
826 1373 872 1443 ut
901 1363 1134 1445 istiusmodi
1165 1390 1409 1474 congressus
1440 1367 1656 1474 copiosum
1687 1365 1742 1447 ad

242 1497 461 1579 utilitatem
491 1498 617 1577 totius
647 1496 885 1604 provinciae
914 1496 1093 1577 fructum
1123 1496 1306 1579 afferant.
1670 1472 1683 1521 ⁷

232 1725 233 1728 ,
336 1659 396 1734 -2,
458 1653 587 1736 Aliud
633 1655 886 1752 institutum,
939 1656 1054 1761 cujus
1107 1683 1187 1762 ope
1233 1682 1372 1737 sacrae
1423 1657 1640 1757 scientiae·
1660 1655 1742 1737 fer-

240 1817 383 1871 vorem
423 1790 466 1868 in
497 1787 671 1897 singulis
710 1786 834 1895 hujus
863 1786 1104 1895 provinciae
1135 1787 1427 1869 sacerdotibus
1457 1816 1619 1899 augere,
1652 1796 1743 1870 tum

241 1920 425 2029 optando
476 1920 745 2001 collationum
785 1915 903 2000 Cleri
953 1920 1158 2005 successui
1214 1919 1490 2001 consulere
1477 1930 1539 2001 rnt
1522 1920 1743 2007 tendimus,

241 2055 583 2179 congregationes
612 2063 731 2133 erunt
750 2079 825 2158 pro
856 2050 1130 2131 dilucidandis
1152 2052 1464 2159 quaestionibus
1484 2050 1740 2164 theologicis

240 2188 284 2267 in
298 2186 499 2294 qualibet
528 2186 693 2266 civitate
724 2182 947 2264 cathedrali
978 2182 1208 2291 erigendae.
1270 2183 1449 2266 Provide
1486 2178 1646 2267 selectis
1675 2185 1741 2266 ni··

240 2321 392 2400 mirum
431 2319 528 2399 viris
569 2316 907 2413 ecelesiasticis,⁸
896 2344 938 2395 1n
971 2314 1205 2395 divinorum
1236 2317 1408 2397 seientia
1437 2327 1478 2398 et
1512 2316 1741 2425 disciplinis
1834 2394 1836 2398 ,
1869 2409 1872 2413 ,

241 2452 476 2562 theologiae
512 2450 739 2531 catholicae
778 2449 1085 2545 versatissimis,
1126 2447 1380 2555 professione
1410 2425 1506 2530 fidei
1544 2463 1586 2532 et
1614 2478 1741 2558 pecu-

241 2584 330 2665 liari
339 2586 576 2692 juramento
593 2609 754 2662 munen
743 2580 1067 2678 devinciendis,
1089 2582 1341 2662 constituent
1357 2575 1558 2690 Episcopi
1577 2582 1741 2687 theolo-

243 2742 393 2826 gorum
423 2715 809 2823 congregationem,
840 2712 895 2792 ad
925 2739 1050 2819 quarn
1079 2712 1231 2821 singuli
1253 2712 1488 2796 dioeceseos
1509 2714 1742 2796 sacerdotes

244 2858 285 2928 et
313 2849 545 2928 animarum
575 2855 760 2954 pastores
790 2854 880 2925 tuto
910 2871 1113 2925 recurrere
1143 2855 1357 2952 poterunt,
1394 2846 1741 2955 quandocumque

242 2970 520 3060 difficiliorum
550 2979 839 3086 quaestionum
869 2975 1226 3076 dilucidationem,
1258 3006 1428 3058 casuum
1452 2981 1738 3090 conscientiae,

242 3111 357 3193 salvo
378 3119 519 3192 tamen
539 3093 664 3221 sigilli
684 3109 991 3191 sacramentalis
1017 3108 1165 3206 officio,
1197 3110 1499 3209 resolutionem,
1531 3139 1741 3193 sacrorum

242 3246 395 3324 rituum
431 3254 472 3324 et
494 3244 600 3351 juris
631 3243 820 3324 canonici
850 3240 1159 3350 profundiorem
1190 3242 1524 3350 explanationem
1553 3243 1739 3352 postula-

111 3469 114 3476 ,
152 3491 154 3495 Ι
241 3378 385 3459 verint.
419 3375 575 3458 Totum
604 3374 836 3457 istiusmodi
881 3374 1215 3484 congregationis
1254 3375 1469 3484 negotium
1498 3376 1587 3482 ipse
1616 3373 1740 3484 Epis·

109 3522 122 3545 ⁸
243 3535 372 3618 copus
403 3507 572 3619 diriget,
604 3509 692 3589 sine
722 3510 838 3616 cujus
858 3508 1158 3616 approbatione
1187 3505 1302 3588 nulla
1324 3506 1612 3615 quaestionum
1642 3511 1741 3616 prol
1836 3554 1840 3560 ·

241 3643 468 3750 positarum
499 3640 693 3721 resolutio
715 3651 920 3737 exaretur,
951 3666 1028 3720 nec
1048 3639 1302 3721 elucubratio
1333 3640 1554 3748 quaepiam
1582 3639 1741 3748 publici

238 3775 344 3881 juris
359 3773 442 3853 fiat.
504 3771 843 3864 informationem
863 3800 938 3879 pro
970 3771 1083 3852 hisce
1108 3769 1500 3881 congregationibus
1525 3769 1741 3853 Antistites

243 3904 365 4013 hujus
395 3906 631 4012 provinciae
662 3903 822 3985 collatis
851 3906 1030 3985 invicem
1060 3902 1242 3985 consiliis
1271 3903 1509 3986 exarabunt.

727 4232 735 4249 ·
855 4182 1045 4268 CAPUT
1075 4186 1125 4269 V.

582 4404 653 4483 De
679 4400 1061 4482 sanctificatione
1088 4399 1394 4483 clericorum.

360 4639 475 4720 llle
464 4667 552 4749 ipse
582 4640 844 4722 scientiarum
875 4637 1097 4738 Dominus,
1135 4639 1206 4748 qui
1236 4666 1310 4747 per
1339 4665 1386 4720 os
1415 4637 1646 4720 Malachiae
1674 4637 1739 4720 lo·

245 4782 363 4852 cutus
403 4782 484 4872 est,
531 4772 693 4911 diem:
745 4771 903 4872 „Labia
938 4772 1169 4855 sacerdotis
1193 4771 1425 4854 custodient
1454 4771 1668 4853 scientiam
1697 4780 1740 4851 et

243 4903 379 5014 legem
399 4907 606 5013 requirent
635 4933 685 4986 ex
715 4934 784 4986 ore
815 4906 913 5014 ej,us
944 4908 1042 5015 quia
1072 4904 1258 5015 Angelus
1280 4903 1461 4985 Domini
1488 4904 1740 4984 exercituum

243 5049 349 5118 est:“
385 5038 586 5145 pridem
568 5067 659 5147 Jarn
689 5038 743 5118 ad
773 5038 873 5144 lloy
876 5067 948 5118 sen
965 5039 1086 5119 dixit:
1124 5038 1337 5144 ,Loquere
1353 5035 1404 5115 ad
1427 5035 1668 5132 sacerdotes,
1699 5044 1741 5115 et

242 5168 353 5253 dices
383 5170 439 5252 ad
458 5200 549 5253 eos:
582 5171 723 5252 Sancti
753 5183 872 5251 erunt
901 5171 992 5253 Deo
1023 5171 1413 5278 su03-inoensum
1442 5169 1553 5263 enim
1568 5167 1741 5250 Domini
