3960 5956
280 298 306 363 L

291 498 523 584 complaceant,
563 506 754 584 perpetuum
785 499 833 562 eis
874 519 978 562 rorem
1015 496 1250 587 benedictionis
1287 496 1381 563 Tuae
1411 495 1555 562 infunde.
1598 494 1774 562 PerChri·

282 615 366 670 stum
388 607 564 670 Dominum
585 606 743 671 nostrum!
765 641 806 651 -

383 741 500 804 Ονηηεε
522 740 734 821 respoudeat:
755 737 871 802 Amen.

379 896 486 961 Accl.
519 896 646 960 Dilecto
669 896 809 962 civitatis
832 896 928 979 hujus
950 906 982 960 et
1004 898 1100 961 totius
1123 899 1312 984 provinciae
1335 893 1564 982 populo-fideli
1588 892 1685 975 salus,
1707 915 1773 978 pax

282 1015 314 1069 et
335 1005 489 1089 gaudium
512 1007 545 1067 in
568 1005 689 1089 Spiritu
712 1004 842 1066 saneto!
863 1039 904 1049 —

381 1162 506 1247 Resp?
531 1160 642 1235 Sotae,
660 1181 732 1243 pcto
753 1170 783 1224 et
803 1161 959 1244 perediam
980 1161 1016 1224 in
1037 1161 1166 1243 Spiritu
1188 1165 1320 1225 semoto!
1338 1197 1380 1208 -

381 1293 592 1375 Metropolitae
615 1302 644 1357 et
665 1293 786 1356 Patres
803 1277 1057 1374 prosequantur,
1080 1292 1150 1366 etto
1172 1313 1242 1356 voce
1263 1294 1420 1357 dicentes:

382 1424 513 1489 Salvum
535 1423 587 1487 l'ac
609 1423 763 1509 populum
784 1387 884 1505 tumn}
907 1431 940 1485 et
961 1421 1098 1486 benedic
1120 1421 1313 1487 haereditati
1334 1423 1441 1487 Tuae!

381 1580 488 1646 Accl.
532 1579 664 1646 Cunctis
697 1579 836 1664 denique
870 1587 999 1644 nostrae
1029 1581 1288 1665 congregationis
1327 1578 1497 1661 fratribus,
1529 1580 1718 1665 propinquis
1744 1587 1778 1642 et

282 1688 557 1771 benefactoribus,
585 1691 640 1774 qui
669 1710 711 1751 ex
740 1688 800 1752 hoc
824 1687 958 1775 saeculo
986 1688 1191 1769 transierunt,
1219 1695 1252 1749 et
1273 1685 1422 1756 omnibus
1442 1684 1594 1751 fidelibus
1616 1685 1777 1751 defunctis

158 1847 163 1855 .
282 1799 338 1863 lux
360 1807 518 1885 perpetua
539 1806 573 1862 et
593 1799 723 1881 requies
745 1797 890 1860 aeterna!

382 1959 493 2043 ltesp
516 1917 671 2041 Requiem
693 1965 858 2020 aeternam
880 1955 966 2018 dona
987 1956 1033 2018 eis
1054 1955 1204 2035 Domine,
1227 1963 1257 2018 ct
1278 1954 1336 2020 lum
1355 1963 1515 2038 perpetue
1538 1951 1651 2018 luceat
1664 1955 1778 2018 ets!-

884 2241 1180 2252 ..η-...ψ

985 2498 1074 2612 ΙΠ.

751 2762 911 2863 ACTA
942 2761 1297 2862 suusrcurn.

396 3083 428 3177 1)
455 3079 615 3165 Relatio
642 3080 694 3163 ad
721 3080 856 3164 sedem
882 3016 1154 3186 Apostolicam
1181 3079 1229 3162 de
1256 3078 1468 3195 celebratos
1485 3078 1666 3163 concilio.

825 3328 1070 3392 Beatissime
1100 3328 1238 3391 Pater!

260 3552 272 3561 -
384 3511 452 3575 Vix
472 3511 572 3575 ullum
594 3510 735 3596 unquam
757 3512 905 3574 novimus
927 3510 1033 3573 cordis
1055 3511 1154 3574 nostri
1176 3518 1240 3573 tam
1263 3510 1380 3574 ardens
1403 3509 1600 3576 desiderium
1622 3519 1654 3574 et
1674 3520 1780 3597 pasto·

244 3607 361 3709 ''ralis
384 3617 481 3682 oflicii
504 3620 603 3699 nostri
625 3627 749 3701 votum,
782 3618 941 3681 continuis
967 3617 1039 3681 Deo
1067 3615 1220 3701 precibus
1242 3617 1513 3702 commendatum,
1547 3640 1643 3704 quam
1664 3627 1700 3682 ut
1721 3600 1782 3684 1110Ι

285 3727 361 3813 Ipso
377 3726 532 3810 largiente
555 3727 765 3811 interruptam
787 3727 939 3811 temporis
961 3725 1078 3809 injuria
1099 3725 1270 3789 salutarem
1292 3725 1493 3810 Synodorum
1514 3727 1640 3811 praxim
1660 3727 1781 3792 instau-

209 3912 212 3919 1
285 3855 356 3898 rare
380 3835 412 3896 in
434 3833 495 3896 hae
516 3834 683 3918 provincia
715 3832 909 3896 faustissime
931 3831 1025 3896 nobis
1047 3835 1256 3918 contingeret.
1292 3833 1351 3897 Cui
1374 3843 1458 3915 voto,
1480 3836 1623 3918 acceptis
1644 3833 1781 3898 Vestrae

286 3941 471 4006 Sanctitatis
493 3939 610 4003 Literis
633 3939 684 4002 die
709 3939 757 4003 17.
773 3938 879 4001 Martii
898 3937 978 4002 1856
1000 3938 1041 4002 ad
1064 3947 1276 4024 congregatos
1294 3938 1440 4003 Viennae
1459 3940 1629 4003 Antistites
1650 3939 1781 4026 Imperii

285 4048 449 4113 Aristriaci
484 4046 576 4120 datis,
598 4067 716 4111 novum
739 4048 876 4110 accessit
899 4045 1027 4110 debitae
1057 4048 1186 4132 pietatis
1209 4046 1420 4130 desiderium,
1453 4057 1489 4111 ut
1520 4045 1673 4111 videlicet
1693 4047 1779 4133 Apo-

287 4156 419 4221 stolicae
441 4156 653 4218 exhortationi
684 4154 870 4218 fidelissime
900 4152 1165 4239 obtemperaturi,
1199 4152 1392 4218 celebrando
1420 4157 1609 4239 quantocius
1638 4151 1781 4220 Concilio

142 4305 148 4318 ·
208 4317 209 4320 ,
287 4262 477 4350 provinciali
499 4261 726 4325 Beatissimum
748 4262 876 4324 Patrem
900 4270 931 4325 et
954 4269 1138 4346 supremum
1160 4263 1256 4325 totius
1271 4260 1438 4326 Ecclesiae
1459 4261 1625 4326 Pastorem
1647 4270 1693 4326 tot
1713 4272 1781 4328 tan·
1874 4344 1879 4353 η

286 4373 392 4456 tisque
414 4379 542 4458 praeter
564 4372 704 4433 omnium
727 4369 937 4433 ecclesiarum
953 4368 1199 4463 sollicitudinem
1215 4369 1285 4432 Deo
1301 4372 1504 4454 permittente
1521 4372 1646 4456 injuriis
1661 4370 1781 4435 saeculi

223 4530 227 4539 ,
291 4502 437 4566 pressum
460 4478 693 4568 quodammodo
717 4478 901 4542 solaremur.

385 4588 585 4672 Propositum
617 4608 700 4651 anno
735 4585 815 4650 1859
855 4584 1041 4669 hujusmodi·
1071 4583 1204 4649 Concilii
1245 4582 1492 4648 celebrationem
1525 4587 1782 4671 supervenientis

286 4694 398 4758 eodem
421 4715 513 4777 anno,
536 4703 630 4779 prout
652 4693 734 4758 infra
757 4696 896 4778 scriptus
926 4693 1112 4776 provinciae
1134 4690 1337 4778 Metropolim
1358 4691 1555 4758 Beatitudini
1569 4693 1705 4757 Vestrae
1728 4693 1781 4759 de·

286 4804 461 4866 votissimis
483 4801 584 4865 literis
607 4801 659 4866 die
683 4803 711 4865 1.
735 4803 874 4886 Augusti
899 4800 980 4865 1860
1000 4820 1148 4864 moerens
1170 4798 1295 4882 retulit,
1324 4798 1400 4872 belli
1423 4800 1622 4866 calamitates
1644 4810 1677 4866 et
1698 4800 1781 4865 sedi·

287 4911 408 4974 tionum
425 4907 569 4994 pericula
583 4908 841 4995 praepedierunt,
857 4927 939 4993 quae
955 4928 1052 4992 quum
1068 4914 1100 4970 et
1115 4903 1244 4970 Clarum
1259 4914 1291 4970 et
1306 4905 1458 4993 populum
1473 4907 1605 4994 Imperii
1620 4908 1783 4973 Austriaci

287 5016 513 5082 funestissimis
535 5019 688 5103 auspiciis
710 5015 962 5100 exagitaverint,
984 5015 1240 5099 prorogationem
1273 5016 1406 5080 aetionis
1439 5013 1604 5102 synodalis
1646 5013 1782 5080 suadere

286 5124 488 5191 videbantur.
