3960 5956
1677 316 1719 379 45

223 510 430 606 orationes
445 528 487 599 et
510 515 810 625 postulationes
830 546 906 626 pro
927 518 1094 627 regibus
1120 527 1161 598 et
1191 517 1395 615 omnibus,
1426 517 1498 625 qui
1527 517 1571 598 in
1586 516 1718 601 subli-

224 650 367 733 mitate
397 659 504 748 sunt,
522 644 555 729 ⁷)
591 659 638 730 ut
672 650 897 759 imaginem
933 649 1096 731 divinae
1124 650 1331 757 justitiae,
1376 649 1643 758 benignitatis
1678 661 1720 732 et
1744 711 1769 724 -

86 865 92 869 ,
225 782 509 874 sanctissimae
534 780 820 882 sollicitudinis
841 784 883 863 in
913 782 1075 864 tuendis
1097 763 1262 889 juribus
1292 792 1334 863 et
1363 783 1407 862 in
1436 782 1720 889 promovenda

225 913 393 1022 publica
422 917 464 995 et
492 915 653 1021 privata
668 916 954 1023 prosperitate
993 914 1232 998 exhibentes
1261 914 1383 1001 nobis
1414 914 1607 997 omnibus
1638 915 1722 999 sint

225 1049 270 1130 in
299 1047 469 1130 bonum.
1238 1101 1240 1106 ·
1484 1056 1486 1060 ’

339 1182 420 1278 ’ΒΘ
459 1197 574 1277 vita
618 1194 830 1276 sociali.
891 1195 989 1278 Non
1033 1198 1184 1285 minori
1229 1196 1406 1305 denique
1451 1195 1722 1296 detestatione
1777 1259 1778 1263 κ

227 1331 433 1439 rejicimus
472 1342 514 1412 et
554 1357 630 1411 ceu
659 1329 807 1438 impias
836 1329 1002 1413 fraudes
1031 1330 1314 1445 renuntiamus
1343 1339 1608 1439 propugnata
1644 1356 1722 1436 po-

224 1463 432 1544 ⁴tissimum
461 1490 566 1544 aevo
585 1471 729 1543 nostro
754 1461 908 1569 placita
937 1474 979 1544 et
998 1472 1244 1569 systemata,
1276 1490 1383 1570 quae
1413 1461 1490 1554 sub
1516 1460 1723 1543 coloribus

228 1593 359 1676 civilis
389 1593 573 1675 culturae
603 1594 858 1702 humanique
888 1623 1131 1705 progressus
1166 1596 1224 1677 nil
1255 1596 1334 1677 nisi
1375 1595 1724 1677 communismum

227 1726 294 1809 vel
309 1742 311 1747 '
325 1727 604 1808 socialismum
635 1728 811 1834 sapiunt,
843 1755 1102 1836 quorumque
1132 1728 1313 1810 fautores
1333 1729 1595 1811 sanctitatem
1617 1728 1724 1835 juris
1798 1818 1801 1824 ,

228 1860 490 1968 proprietatis
534 1870 709 1969 negant,
755 1860 822 1941 vel
860 1860 1097 1943 inviolabile
1136 1861 1348 1943 vinculum
1388 1860 1640 1943 matrimonii
1685 1869 1727 1940 et

94 2021 100 2030 ·
228 1990 408 2073 familiae
438 1994 645 2089 sauciant,
686 1992 752 2074 vel
791 1993 873 2075 alio
914 1996 1062 2103 quovis
1100 1994 1228 2077 modo
1258 1995 1455 2103 injustam
1485 1993 1726 2074 violentiam

229 2135 302 2206 aut
331 2124 573 2206 effrenatam
602 2124 811 2207 licentiam
850 2128 893 2207 in
923 2126 1119 2209 socialem
1157 2113 1287 2208 vitam
1323 2126 1584 2245 introducere
1624 2152 1726 2206 con-

230 2258 428 2338 nitumtur.
488 2255 586 2338 Non
615 2284 858 2368 progressus
889 2259 1083 2361 culturae,
1104 2259 1177 2341 sed
1207 2259 1463 2342 tristissimus
1501 2259 1546 2339 in
1575 2257 1727 2340 barba·
1852 2305 1857 2314 ·

230 2390 332 2471 riem
362 2416 572 2498 regressus
602 2390 840 2498 hujusmodi
870 2392 1087 2491 doctrinis,
1128 2391 1278 2500 quodsi
1314 2418 1500 2499 unquam
1539 2389 1634 2472 ferri
1673 2391 1727 2472 ab

231 2522 468 2605 hominibus
498 2533 678 2631 possent,
710 2525 897 2606 societati
915 2523 1122 2607 humanae
1148 2524 1363 2606 accideret.
1395 2522 1510 2604 Dum
1539 2523 1729 2606 Ecclesia

231 2654 345 2737 illam
366 2663 553 2738 sanctam
573 2655 825 2755 charitatem,
852 2685 958 2774 quae
983 2642 1124 2756 nescit,
1155 2682 1262 2764 quae
1291 2682 1367 2737 sua
1386 2665 1493 2755 sunt,
1514 2665 1729 2764 tamquam

231 2787 443 2898 fastigium
473 2787 719 2870 christianae
749 2789 1011 2898 perfectionis
1040 2790 1222 2870 intuetur
1252 2797 1294 2868 ct
1322 2788 1603 2895 prosequitur,
1631 2789 1730 2897 jura

233 2932 373 3003 tamen
423 2948 500 3002 ceu
540 2919 810 3003 fundamenta
842 2923 1043 3004 terrestris
1079 2923 1189 3003 vitae
1219 2921 1475 3004 sanctissime
1504 2920 1730 3005 reverenda

233 3064 276 3136 et
304 3052 501 3135 inviolate
531 3053 801 3136 custodienda
831 3083 920 3136 esse
950 3083 1113 3163 semper
1142 3052 1294 3136 docuit.
1336 3053 1427 3136 Etsi
1456 3082 1580 3161 porro
1610 3053 1730 3136 labo-

234 3215 326 3268 rum
354 3186 546 3268 molestia
583 3214 679 3267 cmn
698 3187 902 3301 'omnibus
932 3187 1043 3268 vitae
1080 3187 1255 3269 miseriis
1284 3184 1381 3267 inde
1410 3214 1436 3266 a
1464 3187 1600 3294 primo
1657 3292 1662 3301 ι
1735 3175 1737 3179 ’

234 3328 327 3401 cato
348 3317 477 3401 >Adae
507 3319 696 3402 salutaris
727 3347 864 3436 poena
885 3320 1026 3430 generi
1062 3329 1205 3402 nostro
1242 3319 1467 3401 constituta
1496 3319 1559 3418 sit,
1590 3214 1731 3403 xgr-r

162 3478 173 3493 ·
234 3451 421 3534 Ecclesia
450 3451 675 3551 catholica,
707 3480 813 3561 quac
843 3453 886 3533 in
916 3452 1166 3561 pauperibus
1194 3450 1489 3533 venerabunda
1519 3447 1732 3533 Oluistum

182 3583 193 3592 ’
235 3584 465 3667 Dominum
494 3573 703 3695 agnoscit,
740 3586 811 3693 qui
841 3585 954 3694 quod
983 3585 1165 3667 minimis
1193 3583 1366 3665 fratrum
1395 3581 1622 3682 fecerimus,
1652 3583 1732 3666 sibi

235 3718 489 3828 praestitum·
508 3728 550 3799 et
578 3717 735 3800 factum
765 3746 854 3801 esse
883 3718 1125 3827 proclamat,
1160 3704 1427 3799 vehementer
1456 3714 1661 3799 desiderat
1690 3726 1733 3797 et

235 3851 414 3931 maxime
444 3848 669 3951 allaborat,
708 3861 755 3932 ut
790 3853 1007 3960 pauperies
1046 3862 1088 3932 et
1126 3848 1294 3931 afflictio
1334 3848 1488 3958 plebis,
1529 3844 1732 3957 quantum

237 3981 326 4065 fieri
354 3985 526 4091 poterit,
566 3982 752 4065 leniatur.
793 3982 893 4065 Ideo
928 3983 1038 4064 hanc
1067 3983 1386 4091 pulcherrimam
1415 4007 1534 4064 suam
1563 4009 1732 4090 praero-⁴

236 4116 422 4226 gativam
451 4126 585 4216 tenet,
615 4127 662 4198 ut
690 4115 891 4197 fervidam
921 4144 1021 4226 erga
1050 4114 1225 4197 afflictos
1253 4107 1497 4197 charitatem
1525 4113 1619 4198 filiis
1648 4115 1733 4197 suis

236 4246 428 4348 instillet,
458 4248 653 4333 divitibus
682 4248 997 4334 beneficentiam
1026 4249 1220 4357 imperet,
1254 4247 1355 4329 dum
1385 4275 1540 4358 egenos
1570 4248 1732 4356 patien-

236 4382 337 4465 tiam
358 4393 400 4464 et
419 4382 714 4492 gratitudinem
733 4379 874 4483 docet,
894 4380 1087 4464 laudibus
1107 4379 1319 4462 celebrans
1337 4407 1540 4490 generosa
1560 4407 1732 4488 operum

237 4525 279 4596 et
307 4514 552 4615 facultatum
582 4514 800 4615 sacrificia,
841 4515 991 4628 quibus
1030 4514 1178 4597 solatia
1217 4513 1358 4595 divina
1396 4521 1439 4593 et
1467 4512 1651 4593 humana
1689 4512 1734 4592 in

237 4647 409 4731 miseros
440 4641 725 4746 confenmtur,
765 4648 839 4730 sed
869 4660 911 4729 et
940 4657 1112 4730 cunctos
1143 4642 1537 4744 commonefaciens,
1576 4654 1625 4725 ut
1653 4646 1733 4726 im·
1835 4664 1856 4679 ·’

170 4770 174 4776 ’
238 4780 484 4861 munitatem
515 4808 541 4861 a
570 4778 783 4863 doloribus
812 4780 855 4862 in
886 4791 1054 4862 aeterna
1083 4778 1251 4860 demum
1280 4776 1476 4860 beatitate
1501 4775 1735 4859 desiderent
1791 4786 1795 4794 '

238 4921 284 4994 et
309 4922 559 5022 exspectent.
979 4888 987 4935 ⁸

284 5138 310 5222 7)
334 5139 361 5202 1.
386 5139 525 5241 naoth.
548 5140 578 5221 2,
603 5139 693 5203 1-2.
794 5145 798 5152 ·
