3960 5956
1681 346 1721 410 87

227 545 397 628 Missam
428 574 524 627 cum
555 545 755 627 concione
784 546 851 628 vel
880 544 1094 645 catechesi,
1135 575 1326 627 necnon
1366 546 1420 627 ad
1449 546 1607 633 cultum
1644 548 1720 630 do·

230 679 448 770 mesticum
488 675 640 759 liberos
680 688 722 759 et
751 677 997 758 famulantes
1027 677 1154 760 verbo
1195 688 1236 759 et
1274 678 1464 785 exemplo
1500 677 1720 779 adducant,

228 838 254 890 a
287 811 528 918 perniciosis
577 836 674 890 vero
714 808 996 918 voluptatibus
1036 819 1213 892 avocent
1251 821 1293 891 et
1331 821 1507 892 arceant.
1569 809 1632 893 Sit
1670 813 1720 893 iis

227 969 351 1023 aurea
388 941 533 1051 regula
562 968 688 1049 quam
728 941 812 1022 dux
851 940 1128 1023 israelitarum
1144 1023 1148 1031 ,
1167 941 1298 1024 ‹losue
1335 943 1435 1023 olim
1475 941 1553 1027 sibi
1592 971 1720 1053 posu·

148 1078 152 1085 '
229 1084 334 1155 erat:
362 1073 489 1182 ,Ego
520 1083 658 1154 autem
688 1083 729 1154 et
758 1072 907 1154 domus
937 1101 1031 1155 mea
1058 1074 1283 1188 serviemus
1313 1070 1631 1155 Domin0.“10)'

308 1207 309 1211 '
344 1202 461 1303 Quae
491 1215 641 1286 cuncta
670 1206 795 1285 etiam
815 1204 1062 1287 fabricarum
1088 1206 1393 1315 possessoribus
1424 1217 1465 1287 et
1504 1206 1718 1289 directori-

157 1358 160 1364 ’
226 1335 304 1419 bus
343 1335 454 1417 dicta
493 1348 581 1418 esse
621 1337 823 1436 volumus,
865 1364 969 1444 quos
1009 1338 1052 1417 in
1091 1340 1260 1445 nomine
1289 1338 1462 1420 Domini
1500 1367 1718 1422 monemus

139 1454 142 1459 ⁸
229 1479 270 1551 et
297 1495 506 1577 rogamus,
535 1495 588 1550 ne
619 1468 895 1574 sanctificatos
924 1469 1016 1552 Deo
1047 1470 1135 1553 dies
1173 1473 1323 1552 terreni
1361 1480 1555 1579 quaestus
1594 1498 1719 1553 cauea

227 1600 385 1685 violent
421 1610 494 1682 aut
532 1601 679 1702 violari
718 1603 928 1709 patiantur
966 1613 1090 1711 atque
1129 1605 1187 1685 ita
1227 1602 1391 1685 divinae
1420 1602 1719 1686 benedictionis

227 1733 321 1815 loco
343 1731 498 1843 judicis
515 1734 737 1846 justissimi
756 1736 860 1816 iram
890 1745 931 1817 et
950 1735 1283 1817 maledictionem
1313 1735 1393 1818 sibi
1423 1747 1464 1817 et
1492 1735 1716 1817 industriae

227 1893 326 1948 suae
356 1864 642 1947 thesaurizent.
680 1864 900 1975 Operarios
931 1877 1079 1968 autem,
1110 1869 1209 1950 sorti
1248 1897 1392 1950 eorum
1411 1869 1719 1976 ‘compatientes

230 2026 304 2107 per
324 1995 549 2081 Salvatoris
579 2027 763 2080 amorem
794 2028 1000 2110 rogamus,
1027 2011 1072 2082 ut
1100 2001 1181 2085 nisi
1210 2001 1467 2083 strictissima
1495 1990 1720 2110 urgeantur

229 2132 481 2230 necessitate,
519 2131 702 2239 aliquam
733 2143 957 2242 egestatem
987 2134 1125 2242 potius
1155 2135 1393 2234 sustineant,
1425 2161 1550 2241 quam
1589 2144 1636 2213 ut
1663 2134 1718 2214 ad

228 2262 504 2346 laborandum
534 2263 680 2347 diebus
710 2267 836 2348 sacris
867 2267 1006 2348 seduci
1037 2294 1080 2347 se
1111 2267 1361 2373 permittant.
1412 2264 1574 2347 Fideles
1616 2293 1716 2373 ope·

226 2396 356 2478 rarios
385 2424 471 2477 non
501 2394 756 2504 derelinquet
793 2397 1011 2500 Dominus,
1049 2409 1090 2480 et
1119 2398 1212 2507 lpse
1242 2398 1426 2507 profecto
1457 2399 1532 2479 erit
1561 2424 1718 2478 meroes

226 2556 370 2612 eorum
401 2556 556 2637 magna
586 2529 720 2611 nimis.
936 2621 939 2627 ,

340 2659 445 2741 ltem
483 2689 637 2759 omnes,
679 2663 750 2769 qui
790 2662 833 2743 in
873 2663 1047 2773 singulis
1086 2663 1271 2756 fidelium
1300 2661 1497 2772 gregibus
1536 2688 1716 2761 munere,

225 2792 465 2891 eruditione,
496 2791 645 2900 opibus
675 2793 923 2900 praevalent,
954 2795 1144 2902 propriae
1164 2803 1206 2875 et
1232 2794 1390 2875 alienae
1420 2793 1562 2876 salutis
1592 2822 1717 2877 causa
1818 2876 1824 2885 ,

225 2942 452 3025 monemus,
483 2935 529 3006 ut
559 2923 650 3006 Deo
672 2925 850 3042 gloriam
870 2925 1015 3007 dantes
1046 2928 1171 3008 sacris
1192 2927 1431 3035 praesertim
1452 2925 1597 3008 diebus
1627 2954 1716 3008 sese

227 3054 368 3140 fideles
398 3056 608 3161 Ecclesiae
625 3058 856 3140 'catholicae
886 3058 993 3141 filios
1013 3070 1243 3142 monstrent
1272 3087 1322 3140 ac
1350 3058 1521 3167 perinde
1541 3058 1715 3141 subditis

226 3190 321 3289 suis,
351 3190 589 3298 praesertim
609 3191 747 3282 minus
775 3191 895 3272 cultis
925 3201 966 3272 et
985 3192 1298 3300 pauperioribus
1327 3192 1371 3272 in
1392 3189 1716 3273 sanctificatione

226 3320 492 3404 sabbatorum
522 3322 634 3404 bono
665 3323 929 3431 praeluceant
958 3324 1160 3432 exemplo.
1245 3316 1251 3361 ³

341 3453 607 3564 Magistratus
637 3456 778 3538 civiles
806 3458 972 3564 insuper
992 3456 1300 3564 compellamus,
1331 3465 1377 3535 ut
1406 3453 1551 3535 saltem
1581 3452 1715 3534 cultus
1759 3475 1762 3480 ⁴

225 3588 355 3671 divini
376 3597 560 3698 tempore
582 3617 608 3670 a
627 3590 805 3698 negotiis
829 3589 1059 3671 forensibus
1080 3589 1315 3670 abstineant
1338 3596 1379 3669 et
1397 3594 1611 3695 potestate,
1632 3613 1715 3693 qua

224 3720 339 3803 missi
364 3730 460 3802 sunt
483 3721 538 3802 ad
561 3721 789 3803 vindictam
819 3715 1150 3820 malefactorum,
1187 3720 1352 3802 laudem
1381 3747 1479 3801 vero
1509 3718 1714 3801 bonorum

225 3879 409 3961 operum,
439 3853 762 3967 propterDeum
791 3864 969 3955 utantur,
997 3863 1189 3935 caventes
1209 3853 1410 3952 videlicet,
1431 3879 1483 3932 ne
1503 3851 1615 3933 horis
1634 3880 1713 3959 pu-

225 3983 335 4067 blico
365 3985 577 4095 religionis
604 3989 796 4071 exercitio
828 3987 973 4068 dicatis
1003 3985 1226 4068 diversoria
1245 3986 1408 4095 aliaque
1428 3985 1649 4093 emptionis
1674 3989 1714 4064 et

224 4117 475 4200 venditionis
490 4119 583 4201 loca
598 4131 739 4227 aperta
753 4130 959 4220 maneant,
975 4146 1079 4201 neve
1096 4118 1312 4201 servilibus
1331 4119 1376 4199 in
1395 4119 1517 4228 agris,
1538 4115 1714 4198 officinis

223 4258 265 4329 et
287 4247 464 4349 fabricis,
496 4250 689 4357 operibus
719 4251 806 4333 dics
837 4252 941 4333 sacri
972 4251 1292 4334 dehonestentur
1321 4250 1570 4359 populoque,
1601 4247 1713 4329 fideli

206 4380 424 4462 scandala
453 4393 658 4490 parentur.
719 4382 951 4493 Vigilantes
990 4393 1036 4464 ut
1066 4381 1232 4466 Caesari
1272 4384 1429 4482 dentur,
1471 4408 1577 4488 quae
1616 4391 1712 4462 sunt

225 4508 425 4611 Caesaris,
448 4514 607 4624 jugiter
634 4517 905 4618 meminerint,
942 4543 986 4598 se
1026 4519 1209 4598 strictam
1245 4516 1470 4624 aliquando
1509 4515 1711 4596 rationem

222 4642 464 4744 reddituros,
495 4675 596 4728 num
625 4658 667 4730 et
694 4648 786 4730 Deo
811 4647 1014 4749 dederint,
1044 4677 1150 4758 quae
1180 4658 1276 4729 sunt
1304 4646 1395 4729 Dei.

340 4776 537 4861 Parochis
567 4778 744 4890 denique
774 4783 1040 4893 injungimus,
1076 4794 1123 4864 ut
1151 4782 1437 4863 auctoritatem
1471 4779 1576 4890 legis
1615 4777 1712 4861 sab·

221 4905 309 4990 bati
324 4910 528 5011 omnibus,
547 4939 652 5019 quae
669 4924 832 5020 praesto
854 4926 959 5013 sunt,
980 4913 1128 4997 mediis
1143 4913 1353 4995 Ecclesiae
1368 4898 1569 5011 tueantrn,
1590 4924 1710 5017 prae·

229 5073 418 5084 0—-n—

274 5147 547 5235 amma
