3960 5956
1586 378 1720 445 XXVII

318 568 417 635 Solito
439 591 527 633 more
549 568 964 656 conuenenmtSynodales
986 572 1117 656 suisque
1139 571 1218 637 locis
1241 571 1469 639 consederunt
1491 572 1616 639 Aberat
1638 576 1720 640 alter

221 685 411 764 procurator
438 676 580 762 Capituli
615 677 888 760 numerianus,
923 677 1107 744 Canonicus
1139 679 1302 766 Joaephus
1335 680 1471 762 Pieifer,
1498 684 1554 767 qui
1579 704 1598 744 e
1627 685 1721 768 gravi

223 807 324 851 cauea
345 806 366 849 a
387 784 531 849 Concilio
555 783 744 849 dimetiendi
765 784 951 849 facultatem
973 784 1115 870 legitime
1138 787 1285 853 obtinuit.

322 893 451 958 Initium
472 892 567 976 hujus
582 890 860 977 Congregationis,
881 895 928 956 uti
943 896 1076 978 primae,
1088 914 1146 980 per
1161 906 1332 960 consuetas
1347 919 1461 983 preces
1476 898 1596 962 lactum
1612 905 1670 978 θεῖ,
1687 906 1721 961 et

223 1000 505 1066 Eminentissimus
521 999 725 1087 Metropolim
739 1000 887 1065 ritualem
903 1001 1154 1067 cohortationem
1169 1003 1327 1087 adjunxit
1357 1004 1467 1088 Aliqui
1485 1004 1593 1069 deine
1615 1003 1719 1084 Claro,

201 1151 205 1159 ·
223 1115 278 1199 qui
292 1121 329 1175 ut
342 1111 386 1176 ad
400 1111 484 1176 banc
497 1111 789 1196 congregationem
804 1113 1058 1196 admitterentur,
1073 1121 1276 1197 rogaverant,
1295 1110 1387 1175 lectis
1403 1133 1512 1175 eorum
1527 1111 1719 1196 nominibus,

224 1217 439 1284 annuentibus
457 1218 757 1284 Reverendissimis.
770 1219 921 1285 Patribus
933 1221 1067 1285 Concilii
1089 1221 1133 1284 ad
1154 1219 1350 1284 audiendum
1369 1218 1502 1283 admissi
1525 1229 1600 1284 sunt
1614 1241 1719 1285 secre-

223 1334 365 1411 tumque,
388 1326 526 1390 Decreto
542 1328 613 1411 ejus
635 1327 787 1392 servandi
810 1330 924 1397 iterum
946 1327 1039 1410 lecto,
1062 1327 1312 1413 spoponderrmt
1334 1325 1467 1412 Incepto
1483 1328 1555 1411 jam
1577 1327 1719 1413 Congre-

224 1436 363 1520 gationis
391 1440 466 1499 actu
493 1432 773 1498 Eminentiasimus
802 1432 1006 1519 Metropolita
1034 1433 1142 1519 aliqua
1172 1432 1213 1496 de
1234 1432 1346 1496 ordine
1368 1431 1568 1499 deliberandi
1590 1433 1718 1520 praefa-
1809 1455 1811 1459 ¹

225 1547 276 1604 tus
298 1548 349 1603 θεῖ
370 1539 527 1624 duosque,
550 1541 605 1625 qui
628 1539 668 1602 de
690 1539 790 1604 titulis
812 1540 837 1603 l.
860 1548 893 1603 et
914 1539 988 1603 VII.
1011 1540 1176 1621 referrent,
1197 1540 1368 1602 constituit
1722 1623 1724 1628 Ι

321 1646 375 1711 Ad
403 1646 638 1712 discutiendum
662 1650 733 1734 jam
761 1650 943 1735 propositus
969 1657 1019 1712 est
1048 1647 1158 1712 tittslus
1179 1647 1205 1711 l.
1238 1648 1277 1712 de
1306 1649 1500 1730 Sacerdotis,
1524 1649 1617 1732 cujus
1638 1670 1715 1712 exa·

225 1775 297 1818 men
320 1751 461 1840 speciale
482 1755 516 1818 in
537 1763 652 1840 quarta
674 1756 906 1820 Oommissione
928 1755 1090 1841 per-duas
1111 1754 1387 1839 Congregationes
1409 1758 1552 1841 privatas
1568 1753 1716 1842 habitum
1748 1769 1753 1780 ‘

224 1861 339 1926 fuerat.
382 1862 557 1948 Postquam
585 1883 638 1945 ea,
666 1882 749 1948 quae
780 1860 819 1924 de
848 1863 910 1924 ista
936 1862 1071 1924 materia
1098 1861 1341 1946 praemonenda
1370 1860 1565 1926 videbantur
1595 1860 1648 1926 vel
1678 1863 1712 1926 in

224 1970 411 2056 particulari
432 1992 587 2035 consessu
608 1970 835 2034 animadversa
855 1979 957 2051 erant,
980 1969 1205 2054 praesentibus
1220 1967 1438 2054 Synodalibus
1453 1992 1511 2055 per
1525 1969 1717 2054 referentem

224 2079 459 2143 communicata
486 2078 629 2161 fuerumt,
657 2077 784 2162 singula
811 2079 881 2163 ejus
904 2077 988 2142 tituli
1010 2081 1118 2164 capita
1138 2100 1197 2162 per
1219 2100 1317 2142 unum
1340 2077 1537 2164 synodalem
1559 2100 1579 2142 a
1601 2078 1718 2143 Metro·

113 2240 119 2248 .
225 2185 324 2272 polita
350 2186 554 2271 designatum
580 2186 665 2251 lecta
691 2196 775 2252 sumt.
817 2185 978 2251 Absoluta
1004 2185 1178 2271 cujuslibet
1209 2186 1325 2270 capitis
1357 2185 1494 2250 lectione
1526 2185 1719 2250 Eminentia-

224 2295 324 2358 simus
345 2293 551 2378 Metropolita
572 2301 759 2379 praesentes
782 2294 938 2378 invitavit,
966 2301 1001 2358 ut
1023 2295 1050 2357 si
1073 2292 1152 2380 quid
1173 2292 1494 2358 animadvertendum
1526 2295 1559 2358 in
1581 2292 1719 2358 Domino
1777 2374 1781 2381 ᾗ

225 2409 405 2484 censerent,
428 2399 590 2466 liberrime
611 2400 645 2465 id
667 2400 855 2486 proferrent
1778 2450 1780 2454 a

323 2507 449 2574 Eodem
470 2506 565 2572 modo
587 2507 663 2571 dein
684 2516 791 2571 actum
813 2515 864 2571 θεῖ
885 2505 926 2571 de
948 2508 999 2590 iis,
1020 2529 1104 2593 quae
1134 2506 1224 2570 titulo
1247 2506 1321 2570 VII.
1344 2508 1383 2570 de
1404 2507 1625 2590 Repuluribas
1651 2507 1718 2574 edi·

225 2625 351 2700 cuntur,
373 2638 508 2701 quorum
531 2636 669 2701 examen
690 2637 711 2679 a
733 2617 837 2701 prima
858 2614 1092 2681 Commissione
1113 2637 1172 2700 per
1187 2615 1269 2680 duas
1283 2615 1559 2698 congregationes
1574 2616 1719 2700 privatas
1797 2660 1801 2668 -

224 2724 404 2789 institutum
426 2725 541 2789 fuerat.
583 2723 692 2787 Etiam
714 2723 767 2787 hic
793 2721 876 2787 lecto
899 2722 1048 2808 quolibet
1064 2724 1169 2807 capite
1192 2721 1327 2807 singulis
1349 2723 1476 2787 occasio
1499 2722 1576 2787 data
1597 2730 1656 2804 θεῖ,
1679 2743 1719 2787 ea
1766 2742 1769 2748 ’
1877 2805 1882 2815 0

226 2851 310 2916 quae
334 2831 470 2917 quisque
492 2831 635 2911 sentiret,
658 2829 760 2893 libere
783 2829 977 2915 proferendi.

323 2939 565 3003 Deliberatione
593 2939 684 3003 finita
709 2948 742 3002 et
771 2938 1011 3005 Promotoribus
1038 2939 1324 3023 interrogantibus,
1351 2960 1437 3007 num¹
1453 2938 1561 3004 Sessio
1588 2935 1719 3022 publica

224 3048 258 3112 in
280 3046 366 3111 diem
388 3048 571 3132 proximum
587 3048 659 3130 jam
681 3046 802 3111 indicta
824 3067 939 3110 revera
961 3046 1111 3110 habenda
1133 3048 1184 3128 sit,
1206 3068 1226 3109 a
1248 3043 1399 3109 Patribus
1421 3042 1556 3109 Concilii
1578 3044 1718 3109 affirma·
1855 3046 1860 3055 ’

223 3155 290 3218 tire
312 3174 502 3239 responsum
524 3161 583 3234 θεῖ,
606 3151 867 3237 etOongregatio
885 3152 1047 3238 generalis
1068 3173 1127 3237 per
1148 3152 1258 3216 solitas
1280 3173 1404 3237 preces,
1426 3150 1540 3215 eodem
1562 3150 1657 3217 modo
1678 3175 1718 3216 ac

225 3260 339 3344 prima,
361 3257 459 3323 finem
482 3256 604 3323 habuit

690 3506 882 3563 Secund·
904 3505 1041 3563 Sessio
1060 3507 1237 3577 publiea.

323 3670 386 3735 Die
406 3672 638 3736 decimotertio
652 3673 850 3759 Septembris
868 3673 958 3753 1860,
981 3693 1065 3757 quae
1079 3672 1140 3737 huit
1160 3671 1241 3735 feria
1255 3673 1367 3758 quinta
1382 3672 1464 3736 infra
1480 3669 1716 3735 hebdomadem

224 3777 414 3843 Dominicae
426 3778 501 3842 XV.
516 3788 589 3864 post
604 3778 827 3860 Pentecosten,
840 3776 883 3842 ad
900 3775 1083 3842 habendam
1100 3777 1239 3843 aunam
1253 3767 1433 3841 Seaaionena
1449 3777 1614 3860 publicam
1634 3778 1716 3840 hora

223 3895 336 3950 octavu
357 3888 513 3951 matutina
535 3885 816 3951 Eminentiasimus
838 3886 1041 3972 Metropolita
1062 3906 1127 3956 una
1149 3908 1222 3949 cum
1245 3884 1431 3971 Episcopis,
1459 3885 1513 3970 qui
1541 3886 1574 3948 in
1596 3883 1715 3970 palatio

223 3992 490 4079 archiepiscopali
512 3996 700 4079 congregati
721 3995 858 4075 fuerant,
881 3991 1015 4057 solemni
1029 3991 1248 4072 Processione,
1270 3999 1306 4055 ut
1320 3991 1368 4055 ad
1381 3993 1516 4076 primam
1532 3989 1716 4056 Sessionem

223 4097 396 4185 publicam,
419 4103 451 4165 in
472 4101 644 4166 eeclesiam
665 4099 940 4186 metropolitanam
967 4098 1126 4165 deductus
1147 4107 1205 4162 est

305 4206 408 4273 Missa
435 4207 568 4274 solemni
595 4210 634 4271 de
673 4209 724 4273 Sa.
751 4209 961 4273 Sacrameoto
983 4230 1042 4293 per
1062 4205 1379 4272 Reverendissimum
1399 4204 1595 4290 Episcopum
1618 4203 1715 4288 Regi·

223 4316 519 4381 naebradecensem
546 4315 726 4400 celebrata,
753 4317 921 4382 Processio
947 4315 1157 4402 Synodalium
1179 4318 1213 4379 in
1234 4315 1388 4381 sacellum
1411 4339 1436 4380 a.
1458 4314 1644 4380 Wenceslai
1665 4336 1714 4378 or·

224 4422 335 4489 dinata
362 4424 438 4506 l'uit,
467 4423 524 4489 ubi
552 4424 686 4489 rituales
712 4444 826 4510 preces
847 4425 881 4487 in
902 4420 1034 4507 Synodo
1056 4420 1216 4485 solemnes
1245 4421 1437 4507 persolutae,
1460 4427 1495 4483 et
1525 4419 1600 4484 dein
1631 4420 1713 4489 ostia

223 4531 336 4598 sacelli
358 4531 469 4597 clausa
491 4540 575 4597 sunt

323 4664 471 4749 Rogante
498 4664 761 4730 Eminentiasimo
790 4662 994 4749 Metropolita
1020 4661 1322 4728 Reverendissimus
1344 4659 1525 4746 Episcopus
1546 4660 1712 4733 Litomeri·

222 4774 329 4837 c'ensis
351 4792 531 4836 sermonem
554 4771 745 4857 synodalem
767 4769 880 4836 babuit
900 4770 940 4833 da
960 4764 1147 4833 mceaaitute
1168 4769 1322 4832 αεεὶιίθαθ
1342 4770 1500 4833 watenis
1527 4771 1564 4833 iu
1583 4789 1714 4835 manere

219 4884 395 4964 pastorali,
417 4904 524 4968 quam,
545 4890 579 4946 et
600 4884 740 4948 maxime
762 4880 805 4945 ab
827 4878 976 4965 exemplo
996 4877 1079 4944 lesu
1099 4878 1218 4942 Christi
1242 4877 1380 4962 pastoris
1401 4883 1577 4961 pastorum,
1606 4897 1712 4942 sacer·

223 4986 352 5056 dotibus
382 4989 528 5074 cujusvis
555 4989 678 5056 ordinis
700 4999 767 5055 tum
795 4989 837 5052 ad
865 4999 978 5059 conum
1006 4988 1180 5073 propriam,
1202 4994 1269 5050 tum
1286 4984 1333 5051 ad
1360 4986 1473 5069 gregis
1501 4985 1551 5050 sui
1573 4984 1710 5051 salutem

222 5098 320 5163 enixe
341 5098 590 5164 commendavit.
1202 5133 1204 5137 ,
1408 5128 1410 5133 ¹

324 5207 480 5273 Sermone
506 5207 596 5272 finito
626 5205 828 5272 Promotores
853 5207 1055 5286 institenrnt,
1082 5211 1119 5267 ut
1146 5204 1289 5267 Decreta
1316 5198 1401 5267 tituli
1422 5203 1518 5289 primi
1538 5203 1578 5275 de,
1596 5200 1710 5266 Sacer·
