3960 5956
279 330 346 396 XII

376 529 413 592 In
445 528 509 592 fine
536 548 600 592 non
627 526 721 591 datur
741 528 944 602 Benedictio,
978 527 1037 591 sed
1058 525 1206 593 absoluto
1234 526 1347 592 ultirm
1367 525 1546 612 Evangelia
1568 525 1773 614 Metropolita
1841 526 1845 533 ’

279 636 433 722 depositis
465 637 662 721 paramentis
694 634 814 699 Missae
847 637 984 720 propriis
1016 657 1119 720 usque
1145 634 1188 699 ad
1223 633 1408 699 tunicellam
1446 633 1620 718 inclusive,
1653 637 1772 721 accipit

281 743 422 830 pluviale
443 742 575 808 mbram
608 764 681 808 cum
713 744 808 807 mitm
844 748 879 806 et·
907 741 1108 828 pmmnlgato
1140 741 1291 807 fidelibus
1319 741 1448 807 decreto
1480 744 1520 807 de
1540 744 1672 827 synodo
1693 764 1771 825 ape·

278 853 398 941 cienda
429 851 595 916 ordinatur
626 851 794 915 Processic
826 849 868 914 ad
894 849 1051 915 soeellcsm
1070 852 1105 917 S.
1133 851 1323 926 Wenoeslai,
1356 871 1414 936 pro
1446 871 1601 916 consessu
1635 849 1770 915 solemni

278 966 436 1046 paratum,
458 958 517 1023 ubi
535 957 655 1043 singuli
677 957 846 1042 designata
867 977 928 1021 sua
948 957 1019 1021 loca
1041 956 1255 1043 occupabunt.

324 1102 325 1107 ’
374 1089 432 1155 VI.
464 1090 667 1175 Metropolita
688 1098 763 1154 ante
784 1088 896 1154 Altare
918 1089 1111 1174 genuflexus
1132 1091 1245 1175 incipit
1269 1091 1492 1173 Antiphonem
1519 1089 1711 1166 ‚meamea
1733 1097 1766 1152 et

278 1199 503 1286 persolventur
523 1219 646 1284 preces,
668 1206 762 1284 prout
783 1198 875 1269 Ritus
897 1197 1094 1263 Pantifiealis
1115 1198 1251 1262 Romani
1273 1200 1440 1284 praecipit.
1452 1199 1484 1283 *)
1640 1264 1643 1269 ,

373 1306 434 1370 His
455 1307 595 1392 peractis
616 1305 771 1371 recedunt
784 1304 937 1390 Acelytbi
952 1312 985 1369 et
998 1288 1113 1391 reliqui
1127 1304 1275 1389 Ministn',
1290 1304 1532 1370 remanentibus
1548 1304 1768 1370 tantuunmode

278 1416 329 1497 iis,
351 1416 406 1499 qui
427 1414 471 1479 ad
493 1413 658 1499 Synodum
680 1416 787 1478 vocati
808 1420 892 1505 sunt.

331 1522 336 1531 '
376 1522 403 1586 1.
437 1520 530 1587 Ostia
557 1521 666 1586 sacelli
693 1519 901 1604 clauduntur,
933 1519 1101 1586 et’Sessie
1127 1519 1297 1585 inchoatur
1328 1541 1472 1584 cernone
1503 1520 1671 1604 synodali,
1706 1540 1769 1605 quo

276 1627 365 1694 finito
386 1629 593 1694 Procaciores
614 1650 701 1693 more
715 1630 749 1693 in
763 1627 916 1694 Conciliis
930 1630 1048 1693 usitato
1061 1630 1183 1692 instant
1197 1649 1254 1713 pro
1269 1613 1486 1715 publicatione
1501 1628 1713 1695 Decretorum
1729 1627 1769 1691 de

276 1736 451 1822 aperienda
463 1727 605 1821 Synodo,
621 1735 660 1801 de
673 1732 850 1801 emittenda
861 1733 939 1801 fidei
952 1736 1162 1822 professione,
1179 1734 1218 1799 de
1230 1734 1485 1821 promulgatione
1497 1734 1618 1801 decreti
1633 1735 1769 1800 Triden-

275 1845 334 1908 tini
356 1844 397 1908 de
418 1844 601 1926 residentia,
625 1845 665 1909 de
687 1843 781 1909 medo
803 1843 935 1909 vivendi
955 1847 989 1909 in
1001 1842 1154 1927 Concilio,
1171 1843 1211 1907 de
1227 1843 1386 1908 servande
1401 1852 1535 1928 secrete,
1550 1843 1591 1909 de
1606 1842 1769 1928 praejudi-

276 1953 327 2016 cio
341 1973 406 2016 non
420 1951 594 2035 afferendo,
611 1951 651 2015 de
665 1974 729 2016 nen
744 1950 940 2017 discedendo
961 1951 1049 2018 etde
1065 1951 1239 2017 indictione
1254 1953 1420 2036 proximae
1435 1950 1595 2017 Sessionis
1609 1949 1769 2035 publicae.

276 2046 411 2144 singola
434 2057 565 2124 decreta
586 2056 747 2126 annuente
768 2057 973 2146 Metropolitas
993 2080 1053 2147 per
1066 2060 1283 2124 secretariam
1303 2056 1542 2144 praelegrmtur,
1564 2066 1597 2121 et
1617 2059 1769 2144 expetitis

276 2164 409 2230 Petrum
430 2167 514 2231 votis
536 2165 578 2230 ab
600 2169 670 2252 ipso
691 2165 896 2252 Metropolita
918 2165 1052 2258 sollenni
1075 2165 1297 2232 declaratione
1313 2164 1443 2251 publice
1465 2163 1701 2231 confirmantur.
1871 2152 1875 2158 ²

372 2273 402 2337 2.
435 2261 640 2359 Pramulgato
655 2275 795 2339 Decreta
818 2274 859 2338 de
887 2276 1061 2340 enittendo
1074 2275 1158 2360 'Jldei
1175 2276 1380 2357 professione
1392 2273 1601 2357 Metropolita
1622 2271 1769 2358 deposita

275 2382 369 2446 mitra
404 2398 579 2447 conversus
612 2381 654 2446 ad
675 2380 787 2447 Altarc
816 2381 1022 2466 genuflectit,
1052 2390 1085 2445 et
1116 2402 1215 2445 manu
1246 2381 1328 2447 libro
1355 2379 1605 2466 Evangelierum
1628 2379 1768 2462 admota,

276 2510 356 2554 voce
382 2487 509 2554 elevata
535 2488 765 2575 professionem
793 2488 870 2553 fidei
896 2489 1026 2569 emittit,
1056 2490 1193 2553 caeteris
1226 2509 1300 2552 eum
1328 2489 1489 2554 communi
1509 2489 1696 2554 recitatione
1719 2508 1768 2552 se·
1842 2574 1848 2583 1

278 2596 460 2682 questibus.

370 2704 456 2769 Dein
477 2703 594 2768 sedens
616 2706 734 2794 accipit
762 2693 895 2767 mitram
916 2711 946 2767 et
971 2702 1089 2766 libram
1109 2703 1384 2786 Eaanpeliocam3
1415 2726 1492 2770 mcx
1521 2704 1682 2769 accedunt
1703 2707 1766 2769 sin·

275 2811 343 2897 guli
364 2811 518 2897 Episcopi
539 2819 573 2875 et
592 2810 706 2896 reliqui
728 2812 762 2874 in
784 2809 915 2894 Synedo
937 2813 1135 2895 congregati,
1161 2818 1193 2874 et
1215 2832 1312 2875 manu
1332 2809 1414 2877 libre
1436 2810 1693 2898 Evangeliorum
1711 2810 1767 2876 ad·

274 2928 361 2985 mota
382 2919 550 2983 formulam
566 2919 741 3003 juramenti
773 2917 1049 2994 finalem-dieunt:
1082 2921 1177 3002 „Epo
1210 2921 1295 2983 idem
1326 2920 1476 3002 spondeo,
1510 2942 1601 2987 ostreo
1623 2939 1661 2984 ac
1676 2922 1766 3005 jora

276 3027 331 3092 aa
351 3049 400 3090 me
420 3029 515 3091 Deos
536 3027 672 3112 adjacet
688 3035 718 3090 et
739 3027 817 3089 bace
835 3035 951 3090 sarecto
972 3024 1041 3090 Dei
1060 3027 1278 3110 annpelia.“

368 3134 400 3198 3.
432 3132 647 3219 Promulgatis
669 3131 911 3219 promulgandis
933 3137 1054 3198 instant
1074 3134 1281 3198 Protectores
1313 3156 1370 3220 pre
1403 3132 1599 3221 publicando
1632 3136 1767 3201 actionis

275 3244 494 3332 instrumente,
518 3242 612 3326 qued·
625 3262 667 3305 ex
689 3241 840 3306 mandato
862 3241 1085 3328 Metropolitae
1108 3264 1166 3329 per
1195 3225 1370 3307 Notarium
1396 3252 1540 3307 aetorum
1563 3234 1767 3328 synodalium

277 3326 469 3436 publicatur.

356 3457 386 3522 4.
418 3456 497 3522 Mox
522 3460 709 3543 aperiuntur
735 3455 844 3521 sacelli
871 3458 967 3539 ostia,
999 3456 1168 3543 pulsantur
1199 3480 1335 3544 organa,
1365 3466 1399 3522 et
1418 3461 1581 3545 processio
1602 3459 1768 3524 ordinatur

273 3564 317 3630 ad
338 3565 455 3629 Allare
475 3569 594 3651 majas,
615 3564 671 3629 ubi
693 3585 751 3651 per
772 3564 1009 3650 Metropolitam
1031 3564 1183 3630 sollennia
1205 3565 1388 3631 benedictio
1410 3567 1599 3650 impertitur.

370 3674 400 3737 5.
443 3675 649 3760 Depositis
640 3697 673 3737 m
703 3672 880 3738 faldistorio
913 3677 1014 3738 sacris
1051 3672 1197 3738 vestibus
1229 3671 1433 3758 Mesopota
1465 3674 1588 3821 accipit
1617 3694 1765 3821 cappam,

275 3782 398 3846 Patres
418 3791 586 3857 mosellae,
608 3790 641 3845 et
661 3781 827 3846 ordinatur
847 3801 1006 3845 recessus

580 4012 585 4017 ’
606 4020 664 4076 Be
682 4017 1079 4088 constantiensibus
1097 4018 1431 4090 μηκιΙιιΙΙιιιι.

373 4189 528 4253 Actiones
549 4187 842 4272 congregationum
860 4186 1116 4267 particularium
1137 4186 1351 4273 expedientur
1371 4209 1430 4273 per
1452 4196 1588 4273 quatuor
1605 4189 1766 4253 Sectiones

274 4317 334 4360 seu
355 4296 599 4362 Gonsmiasiones
620 4293 803 4380 synodales,
837 4314 972 4378 quarum
994 4292 1140 4379 singulae
1168 4293 1365 4381 Episeapmn
1387 4293 1554 4360 habebunt
1574 4297 1766 4360 Prasmon

273 4412 307 4468 et
337 4405 470 4490 insuper
498 4404 673 4477 Viennam,
706 4422 803 4487 quem
833 4401 904 4485 ipse
936 4399 1118 4486 Episcopus
1145 4423 1164 4464 e
1192 4401 1345 4467 membris
1371 4424 1450 4469 suae
1479 4402 1635 4468 sectionis
1658 4403 1764 4487 desig-

273 4513 410 4576 navarit

371 4619 434 4684 Pro
460 4620 562 4704 prime
589 4638 744 4683 consessu
767 4616 820 4681 die
844 4618 893 4680 10.
915 4616 1116 4703 Septembris
1143 4616 1293 4683 habendo
1315 4640 1427 4684 omncs
1452 4619 1575 4704 Syncdi
1597 4618 1764 4685 Officiales

276 4708 451 4792 etSodnle's
462 4726 695 4791 dimidianona
705 4727 869 4790 minino
877 4727 1108 4811 compareant
1098 4748 1132 4790 ιιι
1142 4724 1279 4791 aedibus
1290 4726 1574 4813 archiepiscopalis
1585 4725 1765 4810 Seminarii,

273 4833 331 4903 ubi
352 4857 410 4922 pro
431 4833 576 4921 qualibet
597 4834 740 4900 Sectione
761 4832 924 4919 peculiare
946 4830 1100 4897 conclave
1122 4841 1270 4919 parabam
1292 4836 1364 4954 erit,
1384 4836 1418 4900 in
1440 4857 1504 4975 quo
1525 4833 1673 4918 ejusdem
1688 4834 1764 4899 Sec·

272 4906 372 5025 &a
391 4943 537 5010 membra
554 4946 674 5068 actioni
695 4942 845 5030 synodali
865 4942 1039 5009 vacabunt

324 5187 437 5253 lein
454 5186 570 5250 sodSyn
572 5188 637 5237 dum.
