3960 5956
162 392 167 403 ¹
256 301 339 368 VIII

254 499 474 584 decantentur,
496 510 529 567 et
549 509 680 588 peracto
703 501 802 567 Sacro
824 500 959 567 sollenni
980 501 1116 566 eaedem
1136 501 1282 571 litaniae
1304 522 1379 597 oum
1399 501 1551 590 precibus
1572 503 1747 591 praedictis

255 608 413 675 dicantim

306 760 312 767 -
352 717 407 782 Sic
435 719 522 802 agite
549 717 682 784 Fratres
703 726 736 782 et
762 716 838 783 Filii
863 720 897 783 in
918 717 1047 784 Christo
1069 716 1259 803 charissimi,
1285 741 1351 785 una
1372 741 1446 785 oum
1467 720 1585 807 populo
1606 721 1748 787 assiduis

256 825 454 909 orationibus
486 825 617 911 Synodo
650 824 883 911 conjungendi,
913 829 998 910 serit
1029 828 1115 891 enim
1153 829 1285 891 aethera
1317 827 1404 892 (lteri
1433 829 1608 912 papatissa
1639 831 1750 893 Deum

255 932 512 998 collaudantium
532 933 662 997 clamor.
705 932 784 1019 (Off.
807 932 848 997 de
869 933 1027 1019 Translat
1050 933 1096 999 St
1117 934 1196 1020 Viti,
1228 933 1347 1000 Adalb.
1369 937 1403 999 in
1425 935 1536 1021 Propr.
1558 936 1639 1001 Boh.
1660 936 1749 1000 Leot

253 1039 311 1125 V.)
353 1041 429 1128 Ipse
465 1050 574 1106 autem
609 1041 717 1125 Deus,
755 1043 896 1107 omnium
931 1045 964 1106 in
999 1042 1048 1107 Eo
1083 1044 1281 1130 sperantium
1321 1043 1489 1127 fortitudo,
1522 1043 1609 1109 adsit
1643 1046 1748 1130 propi-

253 1149 318 1213 tius
348 1148 606 1215 invocationibus
637 1152 773 1234 nostris3
805 1160 838 1216 et
869 1154 946 1237 quia
978 1154 1048 1217 sine
1082 1151 1132 1217 Ilo
1157 1150 1237 1216 nihil
1265 1159 1372 1238 potest
1399 1151 1542 1218 mortalis
1569 1138 1748 1234 infirmitas,

254 1263 399 1341 praestet
419 1257 576 1323 auxilium
596 1261 721 1343 gratim
750 1279 845 1342 suae,
878 1268 914 1325 ut
942 1261 976 1324 in
1003 1259 1222 1346 exsequendis
1250 1257 1412 1323 mandatis
1441 1257 1558 1325 divinis
1584 1267 1617 1322 et
1637 1257 1748 1323 volun·

254 1372 321 1429 tate
352 1364 393 1431 Ei
425 1373 458 1430 et
490 1369 616 1433 actione
648 1367 843 1453 placeamus.
887 1367 1151 1433 Per1Dominum
1178 1374 1322 1432 nostrum
1352 1363 1467 1431 Jcsum
1489 1366 1664 1450 Christum,
1693 1368 1749 1452 qui

255 1493 329 1536 cum
353 1472 451 1538 Patre
479 1483 512 1539 ct
532 1474 655 1561 Spiritu
676 1481 788 1539 sancto
815 1470 989 1541 laudabilis
1017 1484 1050 1540 ct
1073 1475 1233 1560 gloriosus
1255 1477 1297 1540 sit
1322 1475 1357 1539 in
1381 1473 1513 1540 saccula
1538 1470 1748 1540 saecsilorum.

254 1579 373 1645 Amen.
1613 1606 1615 1611 ’

310 1717 432 1782 Datum
454 1717 581 1802 Pragae
602 1720 636 1782 in
658 1717 784 1784 Octava
804 1718 1006 1784 visitationis
1027 1717 1066 1782 Β.
1087 1716 1232 1803 Virginis
1254 1718 1387 1801 Mariae,
1411 1712 1463 1781 die
1486 1716 1535 1781 15.
1557 1713 1636 1780 Julii
1658 1714 1748 1779 1860.

1363 1849 1550 1952 lutericus,

1203 1979 1359 2029 cardinum
1376 1978 1406 2027 oi
1421 1975 1666 2059 Archlmlleoput.

175 2354 179 2361 ,
318 2255 362 2356 5)
387 2254 533 2338 Norma
560 2227 794 2343 celebrandi
820 2252 1406 2453 cmffllgmontmm
1432 2252 1691 2359 histropolita
1834 2373 1838 2380 .

944 2391 964 2453 e

843 2634 1161 2691 Prooemium

369 2801 523 2866 Actiones
556 2797 692 2865 Consilii
724 2799 944 2886 provincialis,
985 2801 1078 2883 cujus
1110 2796 1297 2864 celebrandi
1327 2819 1440 2863 norma
1472 2807 1600 2864 servato
1636 2798 1748 2864 ordine

257 2908 508 2975 cosmatem
538 2908 773 2991 Episcoporusm
804 2915 837 2972 et
862 2906 1067 2991 Pontificalie
1099 2908 1253 2989 Rotnani,
1265 2905 1297 2989 *)
1330 2905 1475 2971 consulto
1507 2905 1749 2972 ecclesiasticae

256 3016 437 3082 traditionis
458 3035 562 3097 more,
594 3016 638 3078 et'
658 3017 800 3100 expetito
822 3017 955 3101 insuper
985 3013 1019 3079 S.
1050 3015 1314 3099 Conprepctioais
1341 3014 1476 3079 &mitit
1501 3013 1626 3100 judicio
1659 3014 1750 3079 hiscc

256 3126 437 3210 exponitur,
449 3124 500 3207 **)
533 3120 710 3187 auxiliante
740 3123 880 3187 Domino
910 3121 1124 3208 expedientur
1144 3125 1179 3185 in
1200 3123 1517 3205 congregationibus,
1549 3130 1583 3186 et
1608 3122 1750 3205 ptsblicia

257 3232 459 3296 Sessioaibas
480 3252 600 3313 eorum,
623 3231 678 3316 qui
699 3225 842 3314 legitime
864 3232 971 3295 vocati
992 3229 1036 3295 ad
1057 3229 1240 3295 faciendam
1261 3229 1427 3315 Synodum
1450 3232 1651 3296 convenient.

457 3364 483 3428 1.
506 3364 776 3449 Conpreputionce
796 3362 1019 3430 habebuntur:

357 3473 386 3536 1.
406 3473 556 3555 privatas
576 3470 810 3558 Episcoporum
831 3474 865 3537 in
886 3470 1023 3537 aedibus
1042 3471 1287 3560 Archiepiscopi
1309 3471 1551 3559 Metropohtae3

355 3582 386 3645 2.
404 3579 624 3663 particulares
645 3581 680 3645 in
700 3579 844 3666 aedibus·
859 3579 1143 3667 archiepiscopalis
1172 3579 1353 3662 seminarii,
1375 3578 1636 3666 praesidentibus
1658 3579 1747 3645 vidc-

256 3687 332 3754 lioet
358 3687 529 3773 Episcopis
559 3696 592 3750 et
620 3686 845 3773 praesentibus
872 3686 936 3751 illis
968 3686 1091 3771 Synodi
1114 3687 1320 3771 officialibus
1351 3696 1381 3752 at
1400 3688 1585 3763 Sodalibus,
1619 3690 1674 3773 qui
1707 3688 1748 3752 ad

256 3795 405 3881 mapulas
426 3795 527 3860 hasce
548 3794 824 3880 congregationes
845 3793 1058 3860 vocabuntur.

353 3902 383 3967 3.
411 3902 587 3986 smerdes,
615 3903 649 3966 in
677 3901 816 3983 ¹ecelesia
837 3902 1009 3967 Seminarii
1037 3902 1079 3967 ad
1101 3903 1151 3968 Se.
1173 3902 1375 3968 Salvatorem
1397 3902 1517 3969 clausis
1538 3903 1643 3970 valvis
1666 3903 1749 3971 cele·

257 4010 412 4093 brandae,
434 4009 552 4096 quibus
574 3990 779 4096 praesidente
800 4009 1004 4096 Metropolita
1026 4006 1140 4076 Patres
1161 4019 1194 4076 et
1215 4032 1327 4076 omnes
1348 4010 1472 4095 Synodi
1494 4011 1630 4078 Sodales
1651 4020 1750 4099 atque

259 4119 427 4186 Officisles
448 4122 605 4184 iuteresse
621 4118 788 4203 jubentur.

356 4227 671 4313 Congregationihus
691 4229 895 4311 pennalibus
915 4231 1072 4292 interesse
1093 4236 1243 4314 potenmt
1264 4227 1319 4292 alii
1334 4229 1432 4292 etiam
1451 4230 1513 4293 viri
1527 4227 1751 4312 ecclesiastici,

258 4344 417 4422 quatenus
439 4358 497 4422 pro
520 4334 655 4420 singulis
675 4334 803 4400 vicibus
824 4344 985 4399 annuente
1007 4334 1211 4421 Metropolitas
1243 4334 1376 4399 admissi
1399 4335 1527 4400 fuerint.
1570 4334 1615 4401 Ut
1635 4336 1750 4401 admit·

198 4523 201 4528 Ι
257 4451 382 4525 tantu,
415 4444 600 4508 immediato
628 4451 702 4507 aute
736 4443 1027 4529 Oongregationem
1057 4441 1240 4506 habendam
1270 4445 1304 4507 in
1332 4444 1481 4507 sacristia
1512 4443 1671 4509 ccclesiae
1700 4444 1750 4508 Ss.

258 4548 435 4618 Salvatoris
464 4560 555 4616 veste
584 4549 678 4616 talari
706 4557 740 4614 et
767 4549 864 4636 pallio
885 4550 988 4616 induti
1010 4558 1228 4636 compareant,
1251 4559 1284 4615 et
1304 4552 1491 4617 Promoton‘
1512 4551 1648 4617 Consilii
1670 4553 1751 4638 peti·
1827 4625 1835 4640 ·

256 4659 353 4724 tionis
383 4661 487 4725 instar
519 4658 707 4725 schedulam
738 4681 811 4724 cum
845 4661 963 4745 scripto
996 4681 1054 4724 suo
1086 4661 1213 4724 nomine
1245 4667 1279 4722 et
1311 4658 1435 4742 officio,
1468 4681 1532 4745 quo
1564 4658 1751 4746 fungimtur,

257 4764 445 4831 exhibeant

258 4905 456 4920 *a

276 4974 341 5057 *ᾗ
354 4982 468 5035 ctorem
487 4983 570 5048 Ephe.
586 4982 641 5035 Lib.
660 4982 679 5033 l.
696 5001 736 5048 cp.
754 4982 843 5035 XXXI.
863 5015 894 5023 -
912 4985 1008 5036 Pontii.
1025 4984 1100 5036 Rom.
1119 4986 1147 5036 Ρ,
1169 4984 1214 5037 111.
1232 4984 1292 5037 Ord.
1309 4984 1342 5037 sd
1358 4985 1452 5048 Synod.

291 5070 336 5142 1θ)
351 5072 452 5127 bitena
478 5076 603 5126 linirent
629 5074 701 5126 cere.
725 5076 837 5144 Gagisno
858 5077 885 5128 S.
908 5075 1000 5144 congr.
1021 5077 1098 5129 Cone.
1116 5078 1241 5130 Praefecti
1263 5076 1296 5127 sd
1313 5077 1395 5129 Emis.
1413 5077 1531 5142 Ambisp.
1548 5076 1658 5141 llsuop.
1675 5074 1750 5144 Prsg.

358 5166 390 5218 ds
407 5167 449 5218 die
463 5166 505 5219 28.
523 5167 586 5232 listi
604 5166 676 5222 1859.
