3960 5956
290 300 328 365 12

242 534 247 548 ‘
288 502 574 612 Apostolicam
605 530 680 609 pro
712 502 982 610 impetranda,
1014 503 1048 583 si
1079 502 1304 612 expedierit
1328 502 1532 604 facultate,
1561 513 1609 586 ut
1623 505 1784 589 ‘eisdem

288 637 336 718 in
371 636 601 744 praemium
641 635 839 743 probatae
879 636 1072 717 scientiae
1112 651 1152 717 et
1191 636 1383 719 indefessi
1418 637 1572 721 laboris
1601 637 1784 720 lauream
1875 619 1906 657 ”

288 769 568 876 theologicam
608 768 849 848 auctoritate
891 766 1051 849 Summi
1091 768 1303 851 Pontificis
1343 769 1526 851 conferre
1565 784 1730 879 queant.
1747 767 1783 853 4)

407 948 555 1033 Clerici
605 951 649 1030 in
692 951 814 1050 vinea
859 949 1029 1031 Domini
1075 962 1311 1059 operantes,
1361 949 1564 1034 devitatis
1606 952 1779 1036 sollicite
1857 1053 1858 1056 Ν

289 1085 370 1166 illis
400 1084 670 1165 saecularium
691 1083 816 1181 libris,
847 1086 918 1190 qui
953 1147 970 1184 „
979 1064 1182 1166 inebriant
1203 1085 1437 1166 curiositate
1467 1110 1552 1166 non
1573 1084 1782 1187 charitate,

289 1217 463 1325 implent
502 1244 587 1296 non
627 1217 861 1312 nutrientes,
902 1215 1047 1297 inflant
1086 1246 1171 1298 non
1211 1214 1485 1315 aedificantes,
1525 1219 1783 1328 ingurgitant
1901 1288 1903 1295 ,

290 1378 376 1432 non
405 1349 728 1442 confortantes,“
748 1344 782 1422 5)
824 1361 986 1426 sacram
1023 1351 1243 1457 praecipue
1284 1347 1537 1457 Scripturam
1584 1350 1782 1433 continuo

219 1486 220 1489 ‘
290 1481 426 1566 studio
457 1509 575 1563 suam
605 1482 767 1580 iaciant,
799 1491 942 1588 utpote
972 1508 1077 1588 quae
1108 1481 1305 1564 divinitus
1336 1484 1534 1590 inspirata
1571 1482 1683 1563 utilis
1722 1496 1785 1565 est

290 1614 345 1699 ad
374 1614 699 1714 docendum,'ad
719 1615 988 1724 arguendum,
1018 1614 1071 1695 ad
1093 1616 1408 1724 corripiendum,
1440 1617 1493 1698 ad
1514 1614 1785 1701 erudiendum

212 1809 215 1812 >
289 1752 334 1855 in
366 1751 538 1859 justitia.
580 1749 744 1829 Praeter
784 1750 906 1829 istum
948 1748 1098 1829 librum
1138 1752 1302 1858 proprie
1343 1750 1659 1850 sacerdotalem,
1698 1748 1784 1833 Ca·

289 1884 535 1966 techismum
576 1882 628 1963 ad
670 1881 889 1990 parochos,
931 1880 992 1963 Ss.
1035 1878 1211 1963 Concilii
1252 1882 1483 1965 Tridentini
1524 1912 1703 1965 canones
1744 1897 1785 1965 et
1838 1979 1840 1983 ,

167 2010 171 2021 ’
289 2003 473 2115 decreta,
504 2016 630 2096 libros
670 2044 810 2097 sacrae
840 2015 1041 2123 liturgiae,
1082 2017 1281 2122 positivus
1317 2016 1562 2126 dogmatum
1603 2027 1644 2098 et
1675 2018 1782 2125 juris
1826 2040 1828 2045 ·

290 2151 478 2233 canonici
529 2150 843 2238 instructiones,
901 2160 941 2228 et
995 2147 1229 2256 theologiae
1283 2148 1451 2230 moralis
1489 2139 1784 2250 institutiones,

291 2312 393 2393 quas
424 2284 528 2363 inter
544 2309 663 2389 opus
702 2310 732 2361 s.
771 2281 976 2390 Alphonsi
1003 2280 1054 2361 de
1075 2279 1259 2390 Lignori,
1295 2281 1415 2364 titulo
1459 2282 1626 2383 „Homo
1666 2283 1785 2393 Apo-

290 2416 482 2500 stolicus“
527 2415 744 2522 vulgatum
790 2416 1031 2522 praeprimis
1071 2416 1426 2509 commendamus,
1456 2426 1671 2524 tamquam
1701 2416 1784 2498 ele-

174 2529 176 2532 .
289 2565 493 2632 mentares
533 2549 659 2630 libros
713 2560 753 2628 et
798 2546 1044 2656 principales
1099 2549 1254 2658 singuli
1303 2549 1483 2632 habeant
1532 2561 1573 2630 et
1621 2549 1785 2632 assidue
1868 2655 1870 2659 y

290 2685 545 2794 pervolvant.
608 2662 706 2761 His
745 2679 892 2761 imbuti
948 2681 1186 2762 necessariis
1230 2683 1428 2777 continuo
1482 2692 1694 2792 satagant,
1739 2693 1785 2763 ut

289 2818 520 2901 uberiorem
545 2821 579 2894 'e
625 2815 787 2922 scriptis
819 2812 890 2895 SS.
921 2810 1090 2895 Patrum
1136 2814 1400 2923 limpidisque
1436 2815 1629 2924 operibus
1663 2814 1783 2896 theo·
1851 2902 1853 2905 ,

289 2952 436 3060 logicis
472 2948 742 3029 eruditionem
774 2936 1017 3046 haurientes,
1054 2948 1220 3029 assiduo
1257 2951 1450 3030 scientiae
1477 2972 1616 3030 sacrae
1647 2947 1784 3030 studio

291 3083 369 3166 sibi
413 3082 613 3191 primum,
660 3108 839 3188 moxque
883 3079 1128 3161 concreditis
1186 3109 1236 3162 eo
1300 3081 1517 3191 perfectius
1572 3080 1784 3163 consulere

291 3218 455 3326 queant.
488 3264 543 3273 -

408 3395 465 3477 Ut
505 3406 642 3476 autem
683 3391 831 3476 Clerici
872 3396 915 3475 in
956 3394 1236 3503 comparanda
1275 3397 1353 3479 sibi
1389 3396 1551 3479 utilium
1585 3397 1784 3480 librorum

291 3529 562 3641 suppellectili
594 3556 762 3637 quoquo
793 3525 919 3609 modo
943 3531 1159 3637 juventrn:
1202 3531 1410 3640 Episcopi,
1451 3558 1556 3639 quos
1595 3531 1785 3612 noverint

290 3665 417 3748 libros
447 3662 673 3745 admodum
710 3659 1060 3744 commendabiles
1101 3676 1140 3743 et
1179 3664 1397 3772 proficuos,
1438 3660 1560 3745 Clero
1600 3664 1784 3745 innotes-

198 3903 199 3907 ,
291 3826 381 3880 cere
420 3797 587 3887 tacient,
629 3807 668 3874 et
708 3796 875 3901 insuper
914 3793 1126 3891 curabunt,
1167 3807 1213 3876 ut
1251 3797 1460 3878 institutae
1494 3824 1566 3905 per
1596 3794 1790 3906 singulos.

292 3930 538 4013 dioecesium
561 3928 767 4008 districtus
789 3926 1062 4009 bibliothecae
1083 3956 1323 4010 communes
1344 3956 1429 4008 non
1449 3938 1610 4009 tantum
1638 3955 1781 4009 recen-

292 4062 458 4145 tissimis
489 4060 602 4141 libris
632 4059 832 4168 gravioris
863 4061 1060 4140 momenti
1098 4059 1407 4169 locupletentur,
1448 4060 1520 4141 sed
1560 4069 1601 4140 et
1639 4087 1782 4168 reapse

291 4198 334 4280 in
365 4195 550 4277 omnium
583 4188 835 4272 Clericomm
867 4220 986 4271 usurrr
1018 4190 1282 4274 deducantur.
1874 4174 1887 4191 ’

408 4376 607 4458 Statuitur
638 4400 813 4481 quoque,
844 4385 890 4453 ut
919 4373 1071 4483 singuli
1101 4371 1250 4456 Clerici
1281 4376 1497 4457 occasione
1534 4373 1781 4456 visitationis

291 4510 515 4592 (auctricae
532 4506 741 4615 Episcopo
772 4517 843 4586 aut
873 4507 960 4613 ejus
980 4506 1146 4588 Vicario
1167 4509 1367 4589 rationem
1389 4507 1563 4589 reddant
1583 4505 1634 4586 de
1655 4504 1781 4599 libris,

292 4672 396 4753 quos
427 4641 685 4749 potissimum
718 4640 759 4719 in
791 4638 1014 4720 erudiendo
1045 4639 1201 4749 populo
1232 4649 1468 4748 sequuntur.

674 4858 710 4915 ‘s

392 4937 487 4945 --—-—

336 5038 362 5120 ⁴)
386 5038 445 5100 Lit.
469 5058 488 5097 a
510 5035 632 5120 Plenip.
655 5036 690 5098 C.
714 5035 750 5097 ll.
774 5035 954 5119 blajestatis
979 5034 1020 5097 ad
1046 5032 1167 5118 Plenip.
1185 5033 1217 5097 S.
1233 5033 1337 5096 Patris
1353 5032 1416 5096 dat.
1433 5031 1481 5094 18.
1496 5029 1581 5114 Aug.
1599 5029 1691 5094 1855.
1705 5052 1738 5093 n.
1753 5029 1783 5091 3.

338 5144 362 5228 ³)
386 5142 417 5206 S.
440 5142 535 5206 Bam.
558 5162 653 5205 serm.
676 5142 706 5204 9.
730 5143 762 5205 in
785 5151 868 5206 caut.
891 5163 977 5204 uum.
1003 5141 1031 5205 7.
1468 5167 1471 5172 ·
