3960 5956
283 290 327 355 50

284 519 404 574 versa
432 491 591 573 facilius
621 490 970 617 dignoscerentur,
1007 493 1221 604 catalogus
1252 492 1450 576 librorum
1479 493 1781 602 prohibitorum

286 652 360 706 seu
390 623 520 705 Index
550 634 714 732 praesto
744 626 814 725 sit,
855 627 971 734 cujus
1010 636 1150 708 tenore
1185 627 1327 709 fideles
1366 638 1408 707 et
1436 629 1615 708 maxime
1645 618 1780 709 sacer·

165 828 168 833 ⁴
288 755 405 836 dotes
435 755 672 866 hujusmodi
691 757 873 864 pericula
891 758 1021 839 vitare
1051 759 1268 840 docentur:
1299 788 1423 840 nemo
1446 760 1568 868 juxta
1597 759 1782 866 ejusdem

146 895 150 902 '
285 888 583 995 praescriptum
612 886 830 971 damnatos
860 918 919 970 ac·
939 889 1334 998 reprobatoslibros
1363 891 1498 1001 legere
1528 901 1601 971 aut
1629 889 1782 972 habere

285 1030 532 1128 praesumat,
554 1021 633 1101 nisi
662 1032 831 1130 propter
859 1051 1007 1132 graves
1037 1033 1079 1104 et
1107 1025 1334 1131 peculiares
1362 1025 1542 1105 rationes
1572 1023 1782 1105 licentiam

283 1151 467 1261 legitime
498 1150 730 1268 obtinuerit.
782 1139 786 1145 ⁸
1014 1255 1017 1259 ,
1398 1160 1401 1167 '
1721 1140 1723 1144 ’

401 1309 592 1392 Pastores
622 1310 853 1391 animarum
882 1311 925 1391 in
955 1311 1034 1412 hac
1058 1339 1101 1393 re
1121 1338 1207 1392 non
1226 1321 1394 1392 tantum·
1411 1309 1522 1392 bono
1543 1338 1618 1393 suo
1639 1338 1780 1393 exem-

285 1441 357 1550 plo
386 1424 577 1523 fidelibus
616 1442 900 1550 praeluceant,
941 1442 1168 1525 sedetiam
1207 1440 1343 1525 verbis
1373 1442 1608 1526 efficacibus
1638 1471 1720 1527 eos·
1739 1454 1781 1525 et

285 1576 525 1683 praesertim
555 1585 692 1682 patres
722 1575 898 1657 familias
917 1586 1087 1683 paterne
1117 1574 1293 1657 doceant
1313 1586 1354 1657 et
1372 1603 1497 1684 saepe
1516 1575 1779 1675 admoneant,

285 1717 333 1788 ut
352 1707 407 1788 ad
426 1707 602 1788 salutem
622 1735 741 1809 suam
760 1736 1010 1815 suarumque
1030 1689 1277 1798 familiarum
1298 1707 1424 1792 libros
1441 1708 1537 1790 fidei
1558 1719 1600 1789 et
1618 1736 1783 1812 morum

285 1840 512 1949 integritati
541 1839 711 1921 nocivos
742 1851 860 1920 caute
891 1839 1099 1940 devitent,
1115 1868 1250 1949 neque
1281 1840 1384 1924 tales
1414 1869 1488 1950 per
1517 1842 1664 1924 domos
1686 1868 1783 1924 suas

286 1970 429 2054 haberi
459 1982 501 2054 et
529 1972 702 2054 lectitari
732 1974 983 2081 permittant.
1019 1972 1171 2056 Sedulo
1201 2002 1323 2082 porro
1353 1984 1396 2054 et
1424 1974 1647 2082 prudenter
1674 1973 1782 2054 invi-

285 2103 417 2213 gilent
437 2106 617 2211 parochi,
648 2133 701 2185 ne
725 2104 817 2191 libri
837 2107 1018 2214 perversi
1038 2116 1080 2187 et
1099 2107 1337 2214 praesertim
1364 2106 1481 2213 parvi
1496 2116 1694 2201 tractatus
1709 2132 1782 2186 ve-

286 2263 395 2340 neno
415 2236 538 2345 pleni,
556 2235 705 2344 quibus
725 2238 913 2347 religioni
929 2239 1111 2347 fideique
1128 2249 1361 2326 contemtus
1380 2248 1423 2319 ct
1442 2232 1584 2320 odium
1604 2230 1787 2346 paratim,

285 2369 330 2449 in
354 2397 526 2479 gregem
551 2370 833 2451 diffmrdantm
857 2373 943 2453 sive
966 2400 1041 2479 per
1070 2370 1317 2479 bibliopolas
1346 2372 1433 2467 sive
1452 2399 1526 2480 per
1550 2370 1653 2451 alios
1673 2397 1783 2451 mer-

286 2512 444 2586 catores
466 2502 645 2583 maxime
671 2503 913 2604 emissarios,
939 2506 1025 2587 sive
1052 2533 1074 2585 e
1097 2503 1368 2603 bibliothecis,
1394 2503 1504 2584 unde
1525 2501 1618 2584 libri
1637 2515 1782 2583 mutuo

285 2634 554 2743 accipiuntur.
587 2633 631 2718 Si
654 2636 856 2744 ejusmodi
876 2636 968 2718 libri
990 2635 1141 2718 alicubi
1163 2635 1491 2734 disseminantur,
1508 2634 1622 2718 seriis
1646 2635 1781 2715 moni-
1886 2651 1891 2660 '

285 2768 338 2848 tis
363 2767 517 2874 proprii
537 2769 713 2875 pastoris
735 2797 821 2849 non
842 2767 1161 2877 proficientibus,
1182 2797 1247 2849 res
1270 2767 1412 2850 habita
1431 2749 1519 2877 ejus
1540 2765 1783 2848 certitudine

285 2899 341 2980 ad
380 2880 635 3007 Episcopum
675 2899 889 3000 deferntrn,
925 2911 972 2982 ut
1010 2901 1203 2982 invocato
1233 2901 1358 2982 etiam
1387 2899 1653 3010 magistratus
1682 2898 1784 2979 civi·

284 3031 336 3114 lis
365 3033 517 3114 auxilio
547 3033 780 3142 perniciosa
809 3013 1052 3116 mercatura
1078 3043 1323 3115 coerceatur.
1399 3031 1595 3115 Similiter
1632 3030 1784 3139 invigi-

285 3163 375 3247 lent
402 3165 583 3273 parochi,
624 3194 676 3246 ne
706 3164 797 3247 libri
836 3167 1169 3275 superstitionem
1199 3164 1439 3264 redolentes,
1471 3163 1538 3245 vel
1567 3163 1619 3244 de
1649 3160 1785 3244 dubiis

284 3296 533 3408 ptqihetiis,
581 3297 746 3383 incertis
786 3298 1014 3397 miraculis,
1059 3297 1224 3381 falsisve
1263 3296 1530 3406 indulgentiis
1564 3295 1784 3402 loquentes

286 3429 568 3539 divulgentur,
614 3429 691 3512 sub
736 3432 880 3538 poenis
929 3430 982 3513 ab
1028 3429 1245 3512 Ordinario
1285 3429 1523 3512 statuendis.
1585 3426 1785 3536 Specialis

285 3590 384 3644 cura
414 3560 527 3645 libris
557 3591 722 3671 quoque
751 3564 1046 3670 precationum,
1088 3562 1237 3670 quihus
1267 3562 1409 3650 fideles
1438 3572 1619 3660 utuntur,
1660 3589 1688 3642 a
1716 3587 1784 3643 sa·

285 3694 519 3777 cerdotibus
549 3697 607 3777 ita
635 3695 907 3802 impendatur,
938 3705 984 3776 ut
1013 3707 1175 3775 tantum
1207 3693 1300 3776 libri
1329 3695 1483 3777 tenoris
1513 3722 1608 3776 vere
1639 3692 1783 3777 catho-

284 3828 363 3939 lici,
393 3830 595 3930 sinceram
625 3829 823 3946 pietatem
853 3826 1021 3927 alentes,
1052 3829 1095 3907 in
1116 3856 1265 3909 manus
1304 3827 1487 3908 fidelium
1528 3826 1782 3935 perveniant.

401 3983 711 4068 Translationes
741 3984 968 4067 Bibliorum
999 3985 1053 4068 ab
1082 3966 1297 4070 haereticis
1317 3984 1539 4084 confectae,
1571 4013 1677 4093 quae
1706 3985 1784 4067 ho·

285 4118 351 4199 die
382 4118 536 4225 passim
566 4129 817 4227 sparguntur
846 4097 902 4199 ct·
923 4120 1030 4201 ultro
1067 4120 1302 4221 offeruntur,
1344 4120 1513 4200 omnino
1554 4118 1784 4228 prohibitae

284 4260 392 4336 sunt.
455 4248 695 4332 Catholicae
725 4262 766 4332 et
795 4249 1048 4359 approbatae
1077 4254 1285 4336 versiones
1322 4281 1418 4336 cum
1447 4248 1784 4335 adnotationibus

285 4410 337 4467 ex
355 4383 509 4466 sanctis
530 4381 720 4464 Patribus
749 4382 815 4464 vel
845 4384 937 4466 aliis
966 4384 1097 4467 doctis
1128 4396 1169 4466 et
1198 4384 1411 4467 catholicis
1441 4386 1549 4480 viris,
1580 4394 1784 4492 quantum

284 4543 391 4625 opus
420 4526 493 4616 est,
525 4513 690 4625 abunde
720 4526 958 4661 suppetrmt.

367 4674 372 4683 ’
400 4681 583 4763 Maxima
612 4681 789 4790 denique
819 4681 1051 4766 sollicitudo
1083 4692 1169 4763 tarn
1198 4681 1400 4762 fidelium·
1422 4710 1548 4790 quam
1589 4681 1781 4764 sacerdo·

167 4867 168 4871 κ
283 4824 373 4895 tum
401 4815 446 4895 in
475 4844 524 4895 eo
555 4814 788 4914 collocetur,
819 4829 865 4897 ut
894 4813 985 4896 libri
1016 4813 1209 4915 salubres,
1241 4843 1367 4896 sanae
1397 4815 1618 4915 doctrinae,
1649 4815 1781 4923 etqui

283 4974 378 5028 vere
407 4958 581 5054 prosunt
610 4946 853 5056 legentibus,
885 4947 1022 5029 locum
1052 4942 1274 5056 pravorum
1310 4959 1624 5055 praeoccupent.
1678 4946 1783 5027 Ani·

282 5107 445 5162 marum
475 5082 601 5162 curati
634 5082 772 5189 itaque
802 5080 944 5163 fideles
970 5079 1098 5189 probe
1118 5081 1395 5178 adhortentur,
1426 5091 1473 5162 ut
1491 5079 1619 5162 libros
1638 5076 1782 5178 bonos,
