3960 5956
1663 309 1850 374 IX·

314 506 359 572 11.
381 507 557 582 Sossianus,
590 526 676 593 quae
698 505 848 572 Mcuntrr
871 506 1037 589 sutona
1070 504 1277 575 celebrantur
1296 508 1335 572 in·
1352 526 1446 572 saera
1470 505 1716 592 metropolitana

223 613 371 698 ecclesia,
394 613 579 699 etquidem
608 615 642 677 in
668 613 785 679 sacello
807 636 833 677 a.
862 616 1038 680 chceslui
1058 615 1106 677 M.
1128 623 1158 678 ct
1178 616 1321 679 Patroni
1343 615 1467 699 Rapui,
1490 613 1715 699 praesentibus

224 723 343 808 quippe
365 720 514 787 omnibus
535 729 568 785 et
590 719 735 805 singulis,
762 722 818 807 qui
839 720 882 794 ad
903 719 1083 788 Concilium
1104 724 1214 787 vocati
1236 729 1319 786 sunt.
1445 741 1449 747 ·
1620 717 1622 720 ’

326 1061 331 1067 .
377 987 436 1042 Be
454 985 589 1058 prim
606 984 934 1055 convasatis-e
951 986 1040 1042 tum
1061 986 1236 1056 privata,
1254 988 1342 1042 tun
1359 987 1560 1056 generans

322 1152 349 1216 Ι.
381 1152 445 1215 Die
472 1151 502 1215 8.
524 1149 740 1237 Septembris,
773 1153 844 1237 ipso
872 1151 955 1217 festo
976 1125 1163 1217 Natiuitatis
1186 1152 1224 1216 B.
1245 1150 1370 1216 Mariae
1392 1132 1536 1238 Virginis
1558 1154 1638 1218 hora
1668 1155 1717 1217 10.
1807 1227 1809 1235 ,

225 1267 300 1324 ante
332 1258 501 1323 meridiem
532 1261 666 1344 praevia
696 1256 870 1324 habebitur
901 1259 1119 1346 Congregatio
1150 1258 1388 1343 metoparum
1410 1257 1553 1325 'adscitis
1582 1260 1719 1326 Consilii

228 1368 473 1432 Pruactorilna
494 1374 527 1431 et
548 1366 751 1434 Cancellurio
773 1367 1051 1450 archiepiscopali.
1755 1378 1769 1393 '·

324 1498 429 1565 Facta
448 1521 508 1586 per
527 1498 765 1586 Metropolitum
786 1502 928 1565 oratione
940 1492 1140 1576 „Adamas
1162 1501 1367 1585 Dominc‘*)
1397 1500 1564 1570 conferent
1584 1501 1720 1567 Antisti-

226 1615 276 1673 tes
298 1606 339 1672 de
361 1605 484 1691 Synodi
505 1605 725 1690 Officialibus,
758 1608 799 1673 de
820 1607 1043 1673 distributione
1076 1610 1230 1673 materiae
1251 1610 1285 1671 in
1307 1608 1621 1694 Congregationibus
1642 1608 1720 1674 deli·

227 1712 391 1779 berandae
419 1723 452 1779 et
479 1714 519 1779 de
548 1712 697 1800 reliquis,
729 1735 812 1800 quae
844 1714 887 1778 ad
909 1715 1050 1779 faustum
1063 1714 1395 1800 ·actionis'synodalis
1417 1730 1625 1802 progressum
1646 1739 1720 1783 con-

228 1822 346 1890 ducere
367 1821 572 1904 videbuntur.
615 1820 743 1902 Quibus
764 1824 905 1909 peractis
926 1820 983 1887 fiet
1003 1824 1181 1907 gratirum
1201 1825 1296 1888 actio.

325 1955 369 2021 IL
397 1954 522 2022 Eodem
555 1955 609 2021 die
635 1955 715 2022 hora
745 1957 776 2022 4.
804 1920 1027 2042 pomeridiana
1052 1958 1157 2043 prima
1184 1955 1401 2041 congregatio
1429 1956 1594 2040 pareretis
1615 1955 1722 2022 locum

228 2061 372 2127 habebit
419 2120 422 2126 r
993 2063 1002 2080 '

327 2197 356 2260 1.
388 2194 509 2261 Omnes
541 2195 585 2260 ad
616 2194 783 2281 Synodum
813 2197 875 2261 rite
906 2197 1029 2278 vocati,
1060 2195 1244 2260 smcnlurcs
1275 2203 1367 2262 veste
1399 2194 1494 2261 talari
1519 2218 1593 2261 cum
1614 2196 1720 2283 pallio,

228 2304 396 2388 raanan
416 2302 530 2369 habitu
551 2306 602 2370 sui
622 2302 764 2387 Ordinis,
787 2302 954 2388 officiales
975 2324 1054 2368 vero
1074 2311 1159 2367 ceste
1179 2302 1304 2368 clorali
1317 2297 1437 2384 induti,
1471 2302 1641 2388 designata
1662 2316 1743 2370 sua‘

228 2411 301 2477 loca
322 2410 536 2497 occupabunt.
1204 2445 1208 2451 ·

328 2545 359 2608 2.
391 2544 475 2608 Cum
505 2546 653 2609 venerint
684 2541 798 2607 Patres
827 2542 965 2608 rochetto
987 2551 1020 2608 et
1039 2552 1175 2610 mosetto
1196 2542 1314 2627 induti,
1347 2543 1552 2631 Metropolim
1585 2552 1722 2630 accepta

183 2729 186 2734 1
228 2652 315 2717 stola
341 2653 432 2716 rauci
453 2651 569 2716 coloris
590 2650 685 2716 flexis
706 2650 844 2736 genibus
865 2652 978 2736 incipit
1010 2648 1181 2738 hymnum:
1218 2700 1237 2727 „
1246 2651 1329 2717 Veni
1350 2652 1516 2727 Oreutor,“
1537 2673 1601 2737 quo
1622 2650 1718 2716 alter·

229 2763 330 2826 natim
351 2761 486 2825 recitato
512 2758 591 2824 dicit
612 2759 787 2824 orationem
809 2759 1028 2834 „Adsnmus.“
1522 2804 1531 2827 .

321 2868 351 2933 3.
384 2867 536 2954 Sequitur
567 2865 676 2932 brevis
708 2865 858 2930 allocutio
890 2865 1129 2951 Metropolitae,
1175 2887 1240 2951 qua
1272 2865 1364 2931 finita
1395 2887 1438 2931 ex
1470 2867 1542 2951 ejus
1571 2866 1723 2931 mandato

230 2975 434 3062 praelegatur
451 2996 510 3062 per
530 2973 831 3056 archiepiscopalem
848 2973 1088 3038 Ounccllurium
1096 2972 1274 3066 catalogus
1290 2972 1465 3058 synodalis,
1489 2973 1649 3039 exhibens
1667 2995 1722 3038 no·
1797 3036 1819 3076 ‚⁸

230 3087 316 3148 mina
337 3085 469 3149 Petrum
492 3091 524 3146 et
544 3081 738 3167 reliquorum
761 3081 977 3146 membrorum
997 3079 1143 3145 Consilii.

329 3192 359 3256 4.
391 3191 483 3256 Idem
505 3191 729 3254 Concclluriua
750 3211 827 3255 mox
848 3189 978 3273 colliget
1001 3190 1220 3252 instrumenta
1235 3191 1480 3270 procurationis
1501 3189 1724 3275 Metropolitae

231 3297 426 3381 exhibenda,
448 3308 481 3363 et
502 3298 615 3363 eodem
638 3297 812 3362 mandante
839 3295 1057 3383 promulgabit
1078 3296 1243 3361 decretum
1265 3298 1305 3360 dc
1318 3298 1488 3361 Jndioibns
1502 3298 1724 3380 synodalibus,

231 3413 264 3470 et
284 3409 413 3471 nomina
434 3405 630 3492 reliquorum
652 3405 776 3493 Synodi
797 3405 1008 3491 officialium.

275 3503 277 3507 ⁸
330 3515 360 3578 5.
393 3513 495 3578 Facta
521 3512 776 3600 promulgatione
803 3515 965 3578 Notarius
994 3515 1159 3579 actionum
1185 3512 1389 3598 synodalium
1422 3512 1548 3589 accedit
1579 3518 1724 3577 mensam'

232 3630 471 3708 praeparatam,
498 3644 631 3686 munere
659 3643 717 3687 suo
743 3621 926 3704 functurus;
960 3621 1163 3685 Secreturiua
1183 3602 1302 3703 autem,
1325 3642 1421 3705 quem
1443 3620 1647 3704 Metropolita
1670 3618 1723 3683 de-

232 3732 419 3815 signaverit,
441 3728 608 3815 praelegat
629 3732 871 3795 instructionem
892 3751 951 3794 seu
971 3730 1111 3812 Apcndu
1133 3728 1343 3813 officialium.
1681 3754 1684 3759 ·

330 3839 361 3903 6.
393 3836 563 3903 Accedunt
585 3838 659 3917 dein
680 3839 897 3911 Promotorea
923 3858 1058 3922 quorum
1080 3857 1164 3900 unus
1184 3838 1313 3900 nomine
1334 3856 1455 3917 eorum,
1478 3838 1725 3922 quipetierunt,

159 3963 163 3968 ·
232 3953 269 4009 ut
294 3944 337 4009 ad
363 3954 568 4030 praesentem
595 3945 888 4030 congregationem
914 3944 1138 4027 admittantur,
1166 3931 1338 4030 supplicat
1355 3966 1413 4029 pro
1434 3942 1630 4010 admissione
1651 3965 1725 4009 con-

234 4051 391 4117 cedenda.
435 4040 605 4119 Admissus
626 4052 831 4139 Metropolita
852 4060 960 4118 monet
982 4053 1022 4118 de
1044 4051 1150 4118 officio
1178 4050 1329 4145 servandi
1358 4059 1527 4116 secretum.

334 4160 362 4225 7.
398 4161 478 4225 Mox
509 4181 568 4247 per
599 4161 816 4226 secretarium
846 4160 1104 4247 promulgabitur
1132 4159 1297 4224 decretum
1325 4158 1477 4243 generale
1507 4160 1725 4222 decernendo

232 4256 364 4342 secreto,
392 4275 425 4332 et
446 4268 564 4354 singuli
595 4291 652 4355 pro
674 4269 795 4335 ordinis
817 4270 974 4354 dignitate
996 4269 1156 4335 accedunt
1187 4268 1230 4333 ad
1252 4266 1499 4353 Metropolitam,
1521 4268 1726 4351 sponsionem

233 4395 331 4440 manu
352 4378 474 4461 pectori
500 4375 631 4442 admota
651 4376 778 4443 edituri.
1353 4451 1356 4458 Ι

332 4485 362 4547 8.
395 4482 547 4570 Sequitur
571 4485 745 4571 praelectio
771 4486 967 4572 reliquorum
996 4486 1197 4551 decretorum
1230 4494 1262 4549 et
1283 4484 1529 4566 ordinationum,
1557 4502 1641 4568 quae
1663 4480 1725 4545 ior·
1826 4572 1828 4576 y

234 4613 319 4655 mam
341 4591 477 4657 Concilii
498 4601 709 4675 concernunt3
744 4592 819 4659 dein
844 4594 976 4670 indictio
998 4595 1164 4679 proximae
1197 4594 1358 4657 Sesaionis
1376 4591 1523 4674 problicuc
1544 4597 1577 4654 et
1596 4591 1725 4673 prutin-

233 4722 310 4764 rurn
329 4703 423 4765 actio.

334 4807 459 4873 Eodem
480 4831 617 4895 vespere
639 4832 659 4873 a
681 4809 760 4874 hora
782 4810 810 4875 7.
838 4832 941 4896 usque
968 4809 1011 4874 ad
1032 4812 1062 4874 8.
1090 4829 1267 4895 campanae
1290 4808 1432 4872 omnium
1461 4809 1602 4873 civitatis
1622 4805 1726 4872 eccle·

234 4917 356 4981 siarum
375 4915 599 5002 pulsabuntur.
1348 4923 1352 4928 '
1689 4932 1746 5025 ..ᾗ

287 5157 313 5222 l)
330 5158 367 5209 Ex
384 5160 444 5210 Ord.
461 5161 495 5212 ad
511 5161 650 5224 Synodum.
