3960 5956
1677 376 1727 441 ΙΙΙ

327 579 450 663 Restat,
471 587 507 643 ut
530 579 606 643 dum
628 599 738 643 omnes
758 578 858 663 hujus
879 578 1063 664 provinciae
1086 576 1239 663 Episcopi
1261 596 1326 639 una
1348 597 1420 641 cum
1439 576 1533 640 Olera
1556 582 1589 639 et
1609 575 1727 663 populo

228 689 271 753 ad
299 689 527 774 gravissimum
557 688 618 752 hoc
647 690 810 772 negotium
840 678 1004 750 indefesso
1034 685 1144 750 labore
1174 691 1206 748 et
1237 687 1392 771 impensis
1422 682 1621 748 orationibus
1656 707 1728 749 sese

227 817 422 884 praeparare
456 802 628 875 conantur,
661 816 732 858 meo
762 814 937 880 eorumque
967 795 1107 857 omnium
1137 795 1264 856 nominc
1294 793 1336 857 ad
1365 793 1514 856 thronum
1543 792 1728 857 Beatissimi

228 905 334 969 Patris
363 907 460 969 totius
490 901 576 969 orbis
606 902 755 966 catholici
786 901 924 987 supplex
954 900 1155 984 confugiam,
1181 903 1323 963 maxima
1341 886 1410 985 ‘qua
1434 901 1527 963 decet
1549 899 1726 965 humilitate

227 1011 402 1098 postulans,
424 1021 460 1076 ut
478 1011 639 1076 Sanctitas
654 1010 773 1075 Vestra
796 1010 873 1073 mihi
896 1019 928 1072 et
950 1008 1097 1073 omnibus
1120 1011 1153 1072 in
1174 1012 1321 1096 proxima
1338 1007 1468 1094 Synodo
1489 1009 1745 1094 congregandis

230 1118 448 1207 Apostolicam
464 1108 723 1185 benedictionem
741 1119 852 1203 largiri
869 1118 1028 1203 dignetur,
1052 1117 1269 1203 quaroborati
1291 1120 1337 1181 sic
1359 1120 1393 1179 in
1415 1119 1539 1184 cunctis
1560 1125 1728 1182 teneamus

229 1250 301 1294 cum
324 1227 541 1291 moderamine
563 1229 694 1313 pietatis
716 1221 888 1311 justitiam,
921 1227 1011 1289 utin
1033 1225 1119 1290 nullo
1142 1247 1162 1288 a
1183 1225 1263 1290 Jesu
1287 1225 1431 1306 Christo,
1455 1227 1590 1311 ejusque
1613 1233 1728 1290 sancta

228 1334 376 1401 Ecclesia
405 1334 573 1399 dissentiat
601 1334 750 1399 voluntas
780 1342 906 1417 nostra,
937 1334 995 1397 sed
1025 1354 1155 1419 semper
1182 1331 1387 1397 rationabilia
1409 1333 1612 1416 meditantes,
1643 1354 1727 1418 quae

152 1476 160 1483 -
229 1443 300 1508 Deo
322 1443 443 1530 placita
465 1451 548 1527 sunt,
572 1443 665 1508 dictis
688 1464 888 1529 exequamur
909 1450 941 1506 et
963 1442 1067 1506 factis.

327 1550 390 1616 Pro
413 1573 475 1638 quo
498 1543 741 1616 benedictionis
755 1549 936 1637 sperandae
957 1549 1115 1616 beneficio
1142 1550 1282 1614 assiduis
1304 1549 1456 1636 precibus
1479 1572 1499 1613 a
1523 1550 1592 1612 Deo
1614 1558 1723 1635 postu-

227 1657 301 1723 labo
323 1659 484 1741 ardenter,
518 1667 554 1724 ut
577 1658 787 1724 Sanctitatem
810 1658 961 1722 Vestram
984 1655 1026 1722 ad
1047 1657 1216 1722 Ecclesiae
1245 1658 1423 1723 catholicae
1453 1657 1596 1722 solamen
1617 1678 1657 1722 ac
1678 1666 1726 1721 tu·

227 1766 324 1830 telam
357 1767 535 1833 diutissime
568 1774 676 1832 servet
708 1766 910 1848 incolumem,
945 1766 1073 1852 detque,
1110 1788 1206 1852 quam
1237 1788 1347 1831 omnes
1381 1765 1615 1831 Christifideles
1637 1765 1726 1830 hisce

228 1873 343 1940 diebus
364 1875 521 1962 flagitem,
544 1874 622 1942 Sedi
642 1874 851 1961 Apostolicae
876 1876 1099 1953 victoriam-et
1120 1895 1245 1960 pacem.

1069 2029 1326 2095 Sanctitatis
1347 2029 1527 2095 Vestrae

266 2166 427 2251 Pragae
449 2164 501 2231 die
525 2167 553 2230 l.
575 2167 716 2252 Augusti
739 2165 829 2231 1860.

898 2321 1094 2387 humillimus
1117 2322 1344 2386 devotissimus
1367 2319 1650 2386 obedientissimus

941 2454 1119 2538 lutericus
1145 2453 1316 2536 tadinatis
1341 2452 1620 2555 Solaamculcrg,

1094 2584 1332 2643 arcmmueopns
1349 2583 1503 2641 mensis.

278 2890 322 2992 2)
355 2891 600 2997 Responsum
636 2894 671 2978 S.
702 2893 743 2976 D.
774 2893 818 2979 N.
850 2893 912 2976 Pii
953 2893 1095 2977 divina
1134 2894 1392 2998 providentia
1426 2896 1556 3000 Papae
1582 2894 1648 2980 IX

662 3018 705 3100 in
731 3018 858 3101 torma
883 3019 1029 3102 Brevis
1055 3018 1286 3125 apostolici.

226 3261 354 3328 Dilecto
376 3263 464 3329 Filio
486 3248 607 3330 Nostro
628 3265 797 3329 Friderioo
819 3266 958 3349 Joaeplto
981 3266 1016 3330 S.
1039 3267 1083 3330 R.
1106 3266 1150 3330 E.
1171 3267 1366 3351 Presbytero
1385 3266 1558 3331 Gordiooli
1572 3268 1722 3333 Schwar-

308 3374 450 3456 seabergr,
471 3373 638 3438 Εσοῐιεὶαε
659 3374 841 3457 Prapeaeis
871 3376 1128 3458 Arcbiepiscopo.

828 3624 932 3699 PIUS
958 3624 1024 3696 ΡΡ.
1051 3625 1136 3713 IX„

324 3817 452 3882 Dilecta
473 3818 535 3882 Fili
557 3817 676 3884 Noster
697 3818 840 3884 Salutem
862 3828 895 3883 et
916 3819 1136 3905 Apostolicam
1161 3818 1435 3884 Benedictionem.
1480 3819 1562 3884 Cum
1584 3822 1722 3904 primum

224 3924 330 3990 Nobis
360 3927 498 3990 innotuit
527 3925 575 3990 Te
608 3925 752 4013 aliosque
786 3925 999 3992 Venerabiles
1031 3927 1163 3992 Fratres
1198 3929 1291 3991 istius
1330 3929 1516 4012 provinciae
1549 3927 1724 4012 Prageusis

224 4031 404 4119 Episcopos
426 4032 521 4129 simul
541 4034 729 4120 propediem
752 4045 975 4119 conventuros,
1004 4043 1041 4100 ut
1061 4035 1188 4120 Pragae
1211 4032 1391 4100 Concilium
1413 4032 1570 4118 habeatis,
1599 4037 1723 4121 ingenti

224 4139 343 4226 gaudio
366 4141 474 4206 affecti
495 4141 624 4207 luimus.
666 4143 739 4207 Hac
761 4146 845 4207 enim
867 4146 991 4209 ratione
1014 4163 1071 4208 vos
1095 4141 1252 4228 gregibus
1281 4141 1436 4228 pastorali
1467 4149 1595 4208 vestrae
1625 4165 1722 4208 curae

225 4250 403 4314 commissis
432 4252 632 4315 continenter
659 4251 837 4337 advigilare
861 4251 1038 4336 ostenditis,
1071 4258 1107 4315 ut
1128 4250 1205 4314 dum
1226 4258 1408 4315 vestrarum
1435 4253 1542 4316 orium
1566 4249 1661 4315 saluti
1683 4273 1723 4317 ac

224 4354 369 4421 felicitati
391 4358 606 4442 sempiternae
628 4359 804 4443 consulitis,
836 4361 929 4426 vobis
951 4362 1030 4446 ipsis
1052 4361 1086 4423 in
1108 4357 1207 4423 coelis
1229 4367 1362 4423 aeterna
1390 4357 1512 4443 gaudia
1533 4379 1722 4444 comparare

224 4462 430 4529 adlaboretis.
473 4462 546 4544 Quo
578 4486 655 4529 vero
688 4487 741 4530 res
773 4469 806 4531 in
837 4466 1021 4552 hujusmodi
1053 4464 1198 4532 Concilio
1235 4466 1442 4549 statuendae,
1476 4465 1547 4529 Deo
1581 4467 1722 4552 favente,

223 4571 354 4657 plenam
386 4578 418 4635 et
450 4573 654 4657 auspicatum
688 4577 862 4639 sortiantur
892 4575 1062 4659 effectum,
1095 4596 1156 4640 nec
1188 4597 1252 4641 non
1284 4573 1398 4639 fideles
1430 4572 1524 4637 vobis
1558 4578 1722 4641 commissi

224 4700 353 4744 suorum
376 4679 546 4744 Pastorum
567 4681 703 4747 vocibus
727 4681 942 4769 obsequentes
976 4681 1155 4749 catholicae
1183 4681 1332 4768 religioni
1360 4681 1484 4746 firmius
1514 4683 1721 4769 asserendae,

224 4788 409 4873 sanctisque
441 4794 474 4851 et
504 4789 697 4876 incorruptis
730 4789 872 4854 moribus
905 4792 1074 4856 servandis
1108 4790 1294 4876 vigilantius
1326 4789 1531 4873 incumbant,
1562 4791 1721 4858 coelestes

223 4892 500 4979 Indulgentiarrun
529 4896 715 4980 thesauros,
749 4918 883 4984 quorum
911 4899 979 4965 Nos
1007 4899 1193 4964 Altisaimus
1223 4898 1474 4985 Dispensatores
1504 4921 1576 4964 csse
1610 4900 1721 4984 voluit,

221 5022 368 5069 reserare
396 5006 589 5068 censuimus
632 5004 851 5087 Quamobrem
885 5007 925 5071 de
955 5006 1191 5095 Omnipotentis
1221 5006 1284 5070 Dei
1318 5006 1550 5091 misericordia,
1583 5029 1622 5072 ac
1654 5007 1722 5072 ΒΒ.
1805 5064 1809 5071 .

223 5108 310 5174 Petri
338 5119 372 5175 et
401 5109 493 5177 Pauli
522 5111 750 5196 Apostolorum
779 5115 850 5200 ejus
875 5118 1066 5181 auctoritate
1099 5114 1229 5200 confisi,
1259 5114 1342 5199 Tibi,
1375 5114 1490 5181 dilecte
1511 5115 1574 5180 Fili
1596 5115 1725 5199 Noster,

226 5214 289 5305 die,
310 5239 374 5307 quo
395 5221 430 5287 in
451 5220 581 5287 civitate
603 5219 765 5308 Prageusi
786 5220 940 5317 Synodua
962 5222 1171 5314 provincialis
1192 5221 1290 5289 finem
1319 5223 1470 5291 habitura
1491 5226 1561 5308 erit,
1591 5223 1725 5292 faculta-

1429 5326 1466 5394 1*
