3960 5956
452 611 454 616 .
476 633 480 637 ,
593 563 777 625 Deorm
797 564 839 625 ds
860 564 1037 626 iudicibus
1057 563 1285 637 modalibus.

290 737 498 820 mamas,
532 737 564 804 S.
586 737 625 802 R.
646 739 685 804 E.
707 740 890 806 Cardinalis
911 739 1203 825 Schwarzenberg,
1232 740 1400 806 Ecclesiae
1427 741 1690 828 metropolitanae
1764 727 1767 732 ’

199 842 373 927 Pragensis
395 845 679 932 Archiepiscopus.

291 976 344 1041 Ex
375 979 509 1064 antiqua
534 977 735 1045 Judiciorum
767 979 1014 1067 episcopalium,
1056 1001 1138 1066 quae
1164 979 1313 1043 adstante
1344 979 1547 1044 sacerdotum
1569 979 1691 1045 Senatu

195 1083 444 1167 exercebantur,
474 1084 645 1171 disciplina
671 1085 856 1150 labentibus
878 1086 1024 1151 saeculis
1051 1094 1120 1151 orta
1147 1095 1197 1150 est
1222 1085 1351 1150 traditio
1380 1094 1413 1150 et
1441 1109 1566 1169 norma,
1600 1098 1636 1151 ut
1656 1091 1690 1152 in

194 1190 334 1276 Synodis
356 1195 591 1258 constituantur
621 1194 756 1259 Judices
785 1217 846 1281 -pro
879 1196 1113 1281 cognoscendis
1134 1195 1332 1260 Clericorum
1361 1197 1562 1281 potissimum
1583 1196 1690 1259 causis

194 1299 237 1363 ad
258 1300 362 1365 sorum
384 1302 618 1367 contentiosum
639 1302 885 1389 pertinentibus.
928 1302 1123 1367 Eorundem
1144 1301 1298 1366 Judicum
1318 1304 1451 1388 insuper
1473 1310 1538 1384 est,
1562 1300 1691 1366 obortas

197 1407 262 1472 fors
285 1408 432 1493 querelas
454 1407 689 1495 praejudicium
723 1419 954 1474 concernentes
976 1412 1136 1474 tutissima
1164 1409 1355 1494 prudentiae
1377 1418 1410 1473 et
1431 1410 1601 1494 charitatis
1619 1431 1691 1473 sen·

195 1516 295 1578 tentia
317 1536 518 1600 componere,
540 1538 634 1601 porro
656 1538 766 1581 eorum
789 1519 1015 1581 excusationes
1038 1518 1233 1600 examinare,
1257 1520 1312 1602 qui
1334 1517 1375 1581 ad
1395 1515 1562 1602 Synodum
1583 1519 1691 1581 vocati

133 1677 136 1682 .
194 1643 260 1687 non
275 1630 545 1713 comparuerunt,
578 1623 632 1688 vel
652 1626 686 1688 in
708 1623 839 1709 Synodo
862 1626 1067 1710 congregati,
1099 1632 1235 1708 urgente
1257 1630 1366 1687 tamen
1387 1644 1487 1688 causa
1508 1627 1601 1709 gravi
1624 1624 1687 1688 dis·

198 1727 316 1793 cedere
337 1731 481 1816 cupiunt,
503 1738 677 1816 antequam
698 1734 842 1798 actiones
864 1732 1000 1798 Concilii
1021 1731 1131 1797 finitae
1154 1734 1226 1796 sint.

294 1835 339 1902 Ut
359 1839 512 1922 antiquae
535 1837 725 1924 disciplinae
748 1840 803 1924 pia
823 1847 970 1903 servetur
991 1840 1158 1921 memoria,
1184 1847 1217 1902 et
1238 1840 1382 1903 actiones
1414 1839 1589 1924 synodales
1622 1841 1693 1904 sine

194 1943 411 2009 retardatione
444 1952 478 2009 et
509 1945 707 2029 singulorum
739 1947 927 2030 gravamine
959 1945 1107 2032 expediri
1140 1955 1281 2032 queant:
1315 1947 1498 2012 consultum
1530 1946 1691 2029 duximus,

196 2052 390 2117 constituere
411 2051 576 2127 Judicium
598 2050 765 2138 synodale,
791 2052 884 2136 cujus
906 2052 1093 2116 Praesidem
1116 2052 1156 2116 de
1178 2051 1311 2118 consilio
1339 2053 1693 2130 Reyerendissimorum

196 2157 402 2225 Confratmm
429 2159 664 2246 Episcoporum
693 2158 849 2244 elegimus
878 2167 911 2223 et
932 2159 1021 2224 hisce
1043 2158 1182 2223 electum
1204 2158 1405 2225 declaramus
1426 2160 1591 2225 Revera.
1613 2159 1706 2224 ecel·
1831 2163 1835 2170 '

195 2275 328 2354 metrop.
350 2267 574 2354 Praepositum
596 2291 635 2333 ac
656 2270 792 2355 primum
815 2268 999 2333 Praelatum
1021 2266 1251 2332 Wenceslaum
1281 2267 1433 2352 Equitem
1466 2268 1506 2332 de
1529 2267 1692 2332 Wdclavl·

195 2373 268 2456 cek,
290 2376 343 2439 cui
365 2378 469 2441 socios
490 2378 524 2440 in
546 2374 695 2440 obeundo
717 2397 849 2439 munere
872 2375 1063 2460 deputamus
1091 2383 1123 2437 et
1154 2373 1289 2438 Judices
1321 2373 1494 2459 synodales
1527 2375 1691 2438 constitui

195 2501 282 2543 mns:
317 2481 477 2547 Joannem
509 2481 640 2565 Maian,
672 2503 715 2546 ss.
747 2482 845 2547 theol
878 2482 972 2546 Dect.
1005 2490 1038 2545 et
1069 2505 1095 2545 s.
1122 2481 1286 2568 metropol.
1308 2480 1387 2546 eccl.
1409 2464 1595 2545 Praelatum
1616 2481 1691 2545 Sco·

195 2585 543 2654 last-Adalbertum
565 2590 698 2675 Molrry,
742 2612 784 2654 ss.
806 2589 902 2653 theol.
931 2589 1025 2655 Doct.
1055 2597 1088 2652 ct
1119 2585 1260 2673 Capituli
1293 2587 1487 2652 cathedralis
1520 2587 1689 2652 Ecclesiae

198 2695 412 2763 Budvicensis
433 2698 688 2781 Procuratorem,
709 2734 751 2746 -
771 2696 1002 2763 Wenceslaum
1024 2696 1167 2779 Hrdina,
1190 2719 1232 2761 ss.
1254 2695 1351 2760 theol.
1372 2695 1468 2760 Dect.
1493 2704 1526 2759 et
1540 2694 1681 2781 Capituli

197 2804 395 2869 cathedralis
421 2805 588 2871 Ecclesiae
610 2804 990 2891 Reginae-Hradeoensis
1012 2804 1266 2869 Procuratorem.

292 2935 431 3022 Agenda
452 2937 606 3003 Judicum
627 2940 661 3003 in
682 2930 785 3023 prima
800 2937 937 3003 Consilii
954 2938 1215 3021 Congregatione
1236 2935 1380 3020 generali
1402 2937 1461 3000 rite
1477 2934 1692 3020 publicentur.

630 3150 813 3211 Decretum
833 3147 877 3209 de
898 3146 1027 3223 synodi
1046 3147 1262 3209 Officiassbus.

234 3314 239 3322 ’
296 3326 503 3400 Friderioaa
536 3325 569 3390 S.
590 3325 628 3389 R.
651 3326 689 3391 E.
712 3325 893 3390 Cardinalis
915 3324 1199 3409 Schwarzenberg‚
1232 3323 1400 3389 Ecclesiae
1422 3325 1687 3412 metropolitanae

199 3429 372 3519 Pragensis
394 3431 677 3519 Archiepiscopus.

293 3563 337 3628 Ut
358 3566 502 3630 actiones
523 3564 660 3629 Consilii
681 3562 887 3650 provincialis
920 3571 1048 3628 servato
1080 3585 1193 3629 sacrae
1214 3565 1364 3651 liturgiae
1397 3574 1507 3632 tenore
1535 3575 1568 3630 et
1589 3566 1688 3631 tradi·

195 3674 291 3735 tionis
313 3672 552 3737 ecclesiasticae
575 3694 661 3736 more
683 3674 746 3743 rite,
765 3679 798 3734 et
819 3669 989 3735 ordinatim
1017 3672 1049 3736 in
1072 3671 1210 3736 Domino
1231 3682 1444 3758 peragantur:
1467 3674 1691 3738 constituimus

196 3779 350 3846 consultis
371 3779 661 3844 Reverendissimis
684 3778 906 3887 Confratribus
928 3778 1055 3844 Nostris
1076 3779 1245 3866 Episcopis
1267 3790 1439 3867 sequentes
1461 3779 1585 3866 Synodi
1608 3777 1687 3842 Offi-

198 3886 308 3952 ciales.

280 4033 306 4093 l.
339 4031 546 4093 Promotores
567 4029 723 4093 Consilii:
755 4029 964 4093 Franciseum
997 4028 1082 4093 Xav.
1115 4030 1265 4112 Plauzar,
1300 4052 1341 4093 ss.
1365 4030 1461 4095 theol.
1491 4030 1585 4094 Dect
1607 4034 1641 4092 et
1662 4051 1687 4092 s.

195 4146 329 4223 metrop.
351 4136 430 4201 eccl.
452 4136 668 4219 Canonicum;
690 4136 842 4202 Carolum
863 4136 979 4202 lbanc.
1000 4137 1138 4219 Prucha,
1162 4162 1204 4203 ss.
1227 4137 1323 4205 theol.
1338 4138 1432 4202 Doct
1455 4145 1534 4201 ets.
1556 4144 1689 4224 metrop.

197 4245 276 4315 eccl.
299 4246 507 4321 Canonicum.

292 4380 323 4441 2.
345 4378 542 4442 &sectarios
564 4377 717 4441 Caecilii.-
738 4375 897 4441 Joannem
919 4377 1001 4464 Nep.
1016 4376 1181 4461 Gebhard,
1200 4376 1390 4462 collegiatae
1412 4376 1569 4442 ecelesiae
1584 4375 1689 4461 Vyie·

198 4484 366 4550 bradensis
398 4485 597 4549 Canonicum
619 4485 838 4565 honorarium,
866 4492 900 4548 et
920 4484 1109 4549 Eduardum
1130 4483 1263 4567 Tersch,
1286 4507 1329 4548 ss.
1352 4482 1446 4548 theol.
1468 4484 1563 4547 Doet.
1585 4489 1618 4548 et
1639 4503 1688 4546 ar·

197 4592 350 4679 cbiepisc
373 4593 537 4657 seminarii
557 4592 737 4674 Rectprem.

278 4750 310 4813 3.
332 4751 489 4814 Notarius
508 4750 800 4831 Couyreyationam
809 4748 1082 4830 particularium:
1103 4745 1262 4812 Salesium
1277 4745 1401 4830 Meyer,
1420 4768 1463 4809 ss.
1478 4744 1574 4809 theol.
1589 4745 1687 4810 Dect

195 4864 229 4921 et
248 4878 334 4921 caes.
356 4879 424 4942 reg.
447 4859 481 4922 in
502 4855 720 4939 Universitate
741 4853 891 4937 Pragena
912 4853 1145 4934 Professorem3
1181 4853 1388 4918 Vincentium
1410 4850 1610 4936 Nahlovslry',
1644 4874 1687 4916 ss.

195 4964 292 5030 tbeol.
314 4964 408 5030 Dect
429 4971 463 5027 et
483 4983 569 5027 caes.
590 4983 659 5046 reg.
682 4963 715 5025 in
736 4959 955 5026 Universitate
976 4960 1127 5045 Pragena
1147 4959 1381 5040 Professorem3
1410 4958 1586 5024 Antonim
1607 4958 1686 5023 Jan·

195 5071 329 5155 daurek,
351 5074 386 5137 in
406 5070 625 5136 Universitate
646 5069 796 5154 Pragena
812 5069 1095 5150 Conoionatorem;
1117 5068 1293 5133 Antonium
1309 5067 1505 5148 Reinwarth,
1526 5069 1561 5132 in
1582 5067 1687 5132 studio

196 5178 398 5264 theologicae
417 5178 598 5246 Facultatis
620 5178 798 5245 docentem.
