3960 5956
1672 304 1712 366 79

222 501 346 612 plane
375 499 633 603 abhorreant.
679 499 854 583 Parochi
884 500 1036 583 idcirco
1067 499 1118 582 de
1147 501 1236 585 istis
1265 501 1387 584 rebus
1416 501 1557 584 fideles
1578 529 1710 612 quan·

223 634 360 742 doque
381 661 432 714 cx
452 632 637 742 professo
658 632 859 716 edoceant
877 632 1131 743 vigilemque
1152 633 1306 732 sedulo,
1337 629 1502 742 nequis
1526 646 1712 744 tempore

224 765 351 848 officii
390 764 665 865 deambulare,
705 793 839 875 nugas
868 792 1011 875 agere,
1052 763 1321 847 Sanctissimo
1356 794 1523 848 aversus
1561 766 1711 866 sedere,

224 897 421 980 altaribus
450 896 517 979 vel
546 896 651 978 fonti
664 934 666 939 >
680 896 917 1006 baptismali
946 895 1124 979 insidere
1152 897 1313 979 audeat.

338 1030 553 1112 Praeterea
581 1029 636 1112 ab
666 1030 772 1137 ipso
788 1027 999 1144 religionis
1029 1029 1274 1110 christianae
1308 1030 1477 1112 exordio
1508 1041 1549 1111 et
1578 1030 1742 1111 conti·

224 1189 308 1243 nua
345 1161 565 1243 traditione
604 1172 815 1270 receptum
854 1172 932 1261 est,
972 1170 1018 1242 ut
1057 1146 1206 1248 chorus
1245 1189 1320 1269 pro
1351 1159 1486 1244 Sacris
1515 1161 1712 1243 faciendis

225 1296 460 1404 assignatus
489 1293 588 1376 solis
618 1291 788 1377 Clericis
818 1302 994 1401 pateret;
1036 1292 1287 1401 quapropter
1315 1295 1591 1375 assistentiam
1620 1320 1712 1374 sae-
1832 1292 1836 1300 ’

225 1427 425 1507 cularium
453 1453 722 1533 personarum
750 1427 932 1534 cujusvis
962 1424 1211 1507 conditionis
1240 1437 1282 1507 et
1306 1454 1437 1527 sexus,
1467 1427 1511 1506 in
1531 1426 1713 1508 ecclesiis
1812 1478 1816 1486 -

74 1644 80 1653 ,
225 1559 349 1639 etiam
379 1557 659 1667 Regularium,
690 1558 797 1638 intra
826 1558 1126 1666 presbyterium
1155 1568 1197 1640 et
1224 1559 1415 1640 altarium
1445 1566 1572 1667 septa,
1612 1558 1712 1641 dum
1759 1585 1766 1599 ·

225 1688 376 1771 Missae
414 1689 546 1771 aliave
586 1689 727 1771 divina
764 1687 903 1770 officia
941 1690 1000 1772 ibi
1031 1688 1305 1790 celebrantur,
1346 1678 1527 1771 districte
1556 1691 1712 1800 impro·
1790 1695 1794 1702 '

156 1889 159 1894 .
224 1820 382 1905 bamus.

750 2134 753 2140 ·
780 2160 781 2164 ,
821 2080 1012 2172 CAPUT
1025 2121 1027 2125 ¹
1042 2083 1115 2164 IH.
1197 2075 1202 2083 ’

611 2302 681 2382 1)6
720 2280 1031 2418 applicatione
1070 2301 1331 2383 Missarum.

202 2516 205 2521 ’
340 2513 491 2595 Missae
520 2509 715 2594 fundatae
746 2540 842 2593 cum
869 2538 1075 2624 consensu
1105 2499 1303 2620 Episcopi
1323 2510 1536 2619 susceptae
1566 2540 1713 2594 secun-

226 2646 326 2727 dum
365 2638 622 2727 conditiones
661 2646 705 2725 in
733 2643 988 2726 fundationis
1017 2645 1288 2726 instrumento
1318 2646 1530 2753 appositas
1569 2644 1715 2728 diebus
1829 2626 1837 2641 ⁸

226 2778 387 2860 staurtis
415 2767 459 2858 et
486 2777 672 2885 alioquin
701 2805 787 2859 non
816 2777 1035 2886 impeditis,
1074 2757 1237 2858 etiamsi
1274 2778 1497 2859 constituta
1535 2778 1714 2860 eleemo-

225 2936 330 3018 syna
357 2921 592 3018 temporum
622 2910 784 3017 injuria,
811 2911 898 2991 sive
916 2910 1081 2990 'incuria
1099 2909 1477 3002 administratorum
1497 2911 1716 2992 imminuta
1869 2996 1872 3001 .
1910 2940 1918 2945 ·'

225 3040 355 3141 firerit,
386 3040 440 3123 ab
471 3042 664 3124 omnibus
694 3043 844 3123 stricte*
859 3052 901 3123 et
929 3042 1120 3152 religiose
1139 3041 1434 3150 persolvantur,
1464 3043 1544 3123 nisi
1568 3069 1715 3124 nume·
1810 3093 1813 3098 -

213 3201 293 3255 rus
324 3201 465 3255 earum
495 3201 568 3281 per
592 3171 789 3255 Sanctam
805 3172 954 3254 Sedem
975 3171 1262 3279 Apostolioam
1282 3172 1348 3259 ‚vel
1367 3201 1441 3281 per
1460 3174 1716 3283 Episcopum
1775 3197 1793 3218 “

189 3288 194 3296 ’
225 3305 489 3387 facultatibus
504 3304 756 3414 Apostolicis
771 3299 979 3386 munitum
999 3304 1365 3388 circumscribatur.
1379 3300 1411 3383 1)
1439 3304 1716 3389 Ecclesiamm

213 3429 403 3522 rectores
433 3436 646 3537 curabunt,
675 3447 724 3518 ut
752 3435 969 3519 Missarum
1000 3436 1263 3519 fundationes
1302 3439 1346 3517 in
1385 3438 1581 3545 peculiari
1610 3436 1715 3519 libro

227 3569 456 3678 descriptae
494 3569 768 3677 reperiantur3
796 3562 955 3651 ‘eorum
994 3595 1160 3676 quoque
1189 3570 1275 3666 erit,
1306 3596 1525 3677 procurare
1553 3569 1716 3668 librum,

226 3703 270 3784 in
300 3729 382 3810 quo
413 3701 633 3784 Missarum
662 3702 886 3811 persolutio
916 3702 1083 3810 propria
1111 3728 1239 3781 manu
1268 3700 1511 3784 celebrantis
1540 3710 1714 3781 notetur.

226 3831 291 3916 Ne
330 3831 475 3915 Olerus
514 3833 803 3917 fundationum
843 3862 966 3916 onere
1005 3834 1129 3915 nimis
1168 3843 1345 3914 arctetur
1382 3832 1449 3914 vel
1466 3833 1539 3916 ab
1571 3831 1717 3915 officiis
1762 3904 1765 3911 ,

227 3992 325 4047 cura
353 3960 586 4075 animarum
615 3966 867 4074 quotidianis
885 3966 1154 4082 impediatur,
1192 3993 1303 4046 nova
1331 3964 1550 4047 Missamm
1580 3994 1716 4064 onera,

225 4099 299 4182 ubi
328 4099 513 4207 alioquin
543 4110 608 4180 sat
636 4127 791 4209 magna
819 4099 1084 4205 antiquorum
1114 4099 1235 4206 copia
1264 4108 1336 4194 est,
1367 4125 1452 4179 non
1475 4096 1595 4179 facilc
1624 4125 1715 4179 sus-
1746 4150 1750 4157 -

228 4232 443 4339 cipiantur.
500 4229 580 4313 Oui
609 4233 668 4314 rei
698 4231 941 4339 Episcopus,
972 4257 1098 4337 penes
1123 4231 1239 4337 cujus
1260 4227 1430 4311 Curiam
1454 4229 1716 4326 fundationes

224 4363 480 4480 singularum
521 4363 784 4445 ecclesiarum
820 4373 1010 4443 accurate
1049 4363 1272 4443 recensitae
1301 4363 1394 4460 sint,
1434 4362 1576 4444 sedulo
1606 4363 1714 4442 invi·

224 4495 383 4605 gilabit

341 4628 619 4735 Eleemo'syna
640 4655 724 4737 ..pro
754 4627 891 4709 Missis
921 4626 1156 4709 adventitiis
1190 4631 1279 4708 non'
1306 4627 1551 4735 suscipiatur
1578 4627 1715 4708 minor
1787 4645 1789 4648 ’

276 4873 297 4955 “)
319 4872 352 4938 S.
375 4870 474 4937 Cone.
504 4870 594 4935 Trid.
626 4862 711 4936 Sess.
742 4869 851 4934 XXV.
881 4869 922 4933 de
948 4860 1021 4943 Res,
1042 4890 1111 4954 cap.
1134 4841 1175 4933 4(
1190 4906 1232 4916 —
1262 4869 1295 4933 S.
1317 4867 1353 4933 O.
1376 4866 1473 4934 Cone.
1495 4871 1528 4932 in
1548 4869 1713 4933 Ferarien.

318 4981 348 5043 3.
370 4980 465 5045 Mart.
488 4979 579 5042 1597.
601 5015 643 5025 -
664 4979 761 5043 Decr.
784 4977 817 5044 S.
839 4977 876 5042 C.
896 4976 995 5042 (lonc.
1018 4975 1058 5040 de
1080 4975 1182 5042 celeb.
1196 4975 1287 5040 Miss.
1309 4996 1352 5041 ex
1372 4974 1478 5039 mand.
1500 4974 1625 5041 Urbani
1647 4975 1711 5039 ΡΡ.
1755 5039 1757 5042 ⁴

318 5086 408 5151 VIII.
425 5085 500 5150 edit.
523 5085 575 5149 21.
596 5084 672 5192 Jun.
697 5085 793 5166 1625,
816 5085 993 5149 confirmat.
1009 5082 1050 5149 ab
1073 5081 1494 5147 1111166.ῬΡ.ΧΙΙ.(11623.
1517 5083 1598 5146 Dec.
1622 5082 1711 5146 1697.
