3960 5956
296 349 339 413 18,

290 553 392 632 tatio
409 551 516 658 parit
539 550 764 647 scientiam,
786 549 956 630 scientia
977 549 1351 654 compunctionem,
1373 547 1638 656 compunctio
1659 549 1788 631 devo·

293 685 461 780 tionem,
494 682 659 762 devotio
686 682 949 763 commendat
970 681 1209 762 orationem.
1232 729 1288 739 -
1307 680 1356 760 ln
1375 678 1643 763 meditatione
1669 690 1787 763 exar-

290 805 421 897 descit
439 816 559 924 ignis,
583 814 809 921 depuratur
830 815 1003 910 animus,
1025 812 1274 894 exhilaratur
1290 813 1471 914 allectus,
1487 816 1669 922 pascitur
1688 815 1788 897 cha·
1895 918 1900 927 Ι

290 949 399 1047 ritas,
427 947 666 1027 certioratur
695 944 809 1044 fides,
840 946 1090 1027 convalescit
1110 973 1213 1053 spes,
1244 947 1393 1027 veritas
1413 948 1603 1054 aperitur,
1624 946 1791 1056 firgatm

291 1080 480 1177 tentatio,
497 1077 682 1166 abscedit
700 1077 874 1175 tristitia,
905 1083 1125 1158 renovatur
1145 1106 1298 1179 sensus,
1316 1059 1464 1162 ¹fervor
1483 1081 1693 1177 excitatur,
1723 1077 1790 1159 fu·

266 1215 414 1321 'gatur
444 1221 571 1317 tepor,
602 1211 797 1290 vitiorum
827 1208 975 1318 rubigo
1006 1204 1280 1311 consumitur,
1322 1197 1560 1293 coelestium
1590 1211 1788 1293 desideri-

259 1339 260 1342 *
297 1372 416 1424 orum
442 1342 643 1424 scintillae
664 1343 854 1440 emicant,
879 1351 925 1426 et
945 1341 1075 1446 divini
1095 1345 1248 1425 amoris
1268 1343 1437 1425 flamma
1457 1343 1712 1425 succrescit.“
1735 1341 1789 1423 11)

294 1468 498 1583 Optamus
529 1474 701 1582 proinde
729 1484 772 1555 et
801 1474 1021 1556 suademus
1051 1477 1094 1555 in
1130 1474 1332 1574 Domino,
1372 1476 1431 1556 ut
1448 1472 1597 1557 Clerici
1628 1487 1791 1583 praeter

293 1607 520 1689 meditandi
552 1607 776 1704 materiam,
808 1634 913 1713 quae
939 1635 988 1687 ex
1009 1608 1175 1688 assidua
1194 1609 1333 1690 sacrae
1357 1606 1590 1716 Scripturae
1612 1609 1790 1689 lectione

276 1752 333 1820 vet
362 1739 490 1819 divini
522 1736 658 1819 Officii
689 1739 927 1819 recitatione
956 1740 1077 1820 nobis
1106 1738 1172 1820 vel
1212 1742 1351 1822 invitis
1391 1743 1577 1839 occurrit,
1609 1742 1793 1849 optimos

294 1900 480 1980 quosque
510 1871 666 1978 eligant
695 1871 832 1969 libros,
865 1871 1224 1979 contemplationis
1254 1886 1498 1984 argumenta
1518 1875 1789 1982 suppeditan-
1845 1862 1849 1868 ’
1885 1937 1892 1952 .

231 2051 233 2056 -
294 2015 366 2102 tes,
399 2032 503 2112 quos
533 2005 576 2083 in
606 2003 934 2111 frequentissimo
966 2005 1163 2084 orationis
1202 2005 1392 2086 mentalis
1431 2007 1624 2102 exercitio
1665 2006 1790 2088 duces

297 2147 530 2245 sequantur.
597 2133 764 2234 „Oratio
805 2146 845 2215 et
891 2135 1104 2216 meditatio
1144 2136 1366 2218 nobiseum¹
1401 2150 1563 2245 surgat,
1610 2148 1792 2220 transeat

293 2270 509 2351 nobiscum
540 2270 583 2348 in
614 2268 755 2349 labore
785 2267 944 2364 diurne,
975 2267 1083 2348 adsit
1112 2269 1154 2347 in
1172 2267 1312 2353 ,domo
1352 2268 1440 2368 Dei,
1480 2270 1707 2378 vigiletque
1746 2272 1789 2350 in

297 2402 509 2497 cubiculo:
541 2428 710 2508 vespere
740 2428 816 2479 nos
846 2429 871 2478 a
910 2399 1100 2480 sordibus
1139 2400 1321 2500 mundet,
1363 2428 1509 2482 sonmo
1550 2392 1819 2484 cedentibus

299 2534 464 2615 claudat
504 2531 657 2627 octrlos,
698 2558 939 2638 semperque
969 2531 1125 2643 habitet
1154 2523 1479 2636 110biscu1n3'ut
1518 2535 1663 2615 simus.
1677 2546 1785 2615 tam-

294 2696 419 2776 quam
459 2666 632 2774 ligmmr,
673 2662 786 2769 quod
825 2662 1056 2769 plantatum
1096 2677 1158 2745 est
1197 2653 1329 2746 secus*
1352 2665 1546 2747 decursus
1575 2694 1789 2777 aquartmr,

274 2789 407 2907 'quod
436 2798 613 2878 fructum
645 2796 760 2877 dabit
790 2796 832 2874 in
863 2805 1047 2904 tempore
1078 2792 1191 2878 suo.“
1210 2795 1261 2874 12)

411 3000 450 3076 4.
485 2997 555 3077 Pie
585 2995 822 3081 admodum
842 2996 950 3076 vitae
982 2996 1203 3102 spiritualis
1233 3010 1274 3077 et.
1304 2996 1564 3104 pelt'ectionis
1594 2977 1787 3080 sacerdo-

297 3132 391 3212 talis
422 3130 546 3210 duces
577 3159 626 3209 ac
656 3130 843 3238 magistri
874 3128 990 3208 illum
1020 3131 1300 3238 augustissimi
1331 3130 1613 3212 Eucharistiae
1634 3131 1791 3240 Myste-

295 3265 345 3347 rii
375 3263 543 3361 cultum,
574 3263 645 3369 qui
676 3260 825 3342 devota
866 3262 1097 3342 visitatione
1114 3335 1118 3343 .
1138 3264 1383 3346 sanctissimi
1414 3261 1679 3345 'Sacramenti
1714 3294 1791 3352 ¹ex-

295 3397 469 3492 hibetur,
519 3394 573 3474 ad
612 3394 845 3504 augendam
894 3395 1229 3476 sanctificationis
1268 3397 1443 3506 gratiam
1485 3396 1789 3493 commendant.

296 3527 365 3611 Ad
394 3527 737 3636 frequentandum
768 3528 1000 3608 istiusmodi
1031 3529 1194 3636 pietatis
1233 3529 1470 3609 exercitium
1509 3526 1576 3609 vel
1616 3527 1692 3637 illas
1726 3527 1790 3609 di·

296 3664 394 3743 vini.
433 3659 658 3759 Salvatoris
688 3660 815 3741 verba
855 3657 1036 3741 Clenoos
1067 3689 1292 3768 provocare
1321 3661 1529 3742 videntum:
1584 3660 1653 3759 ,Si
1683 3661 1792 3768 ·quis

296 3794 398 3884 mihi
429 3794 643 3888 ministrat,
674 3821 741 3872 me
771 3801 983 3898 sequatur3
1015 3802 1056 3872 et
1084 3793 1156 3889 ubi
1197 3823 1287 3883 sum
1327 3824 1428 3903 ege,
1464 3794 1548 3874 illic
1593 3804 1633 3874 et
1667 3794 1791 3874 mini-

297 3937 378 4006 ster
408 3954 523 4006 meus
553 3926 665 4005 erit.“
690 3920 742 4002 13)
802 3923 1036 4032 Expectans
1056 3935 1246 4032 expectat
1279 3954 1366 4023 nos,
1398 3937 1444 4006 ut
1478 3927 1520 4006 in
1541 3924 1790 4032 adjutorium
1838 3931 1842 3938 ’

298 4069 483 4139 nostrum
532 4057 739 4160 intendat,
781 4086 857 4137 nee
906 4057 1033 4138 ullam
1080 4058 1204 4140 habet
1251 4059 1568 4140 amaritudinem
1618 4086 1791 4139 conver-

193 4173 197 4180 ’
296 4193 401 4271 satio
433 4189 553 4271 illius.
641 4261 643 4264 ,

414 4328 507 4423 Quo
548 4321 682 4430 magis
726 4322 941 4431 Episcopis
982 4325 1023 4405 in
1063 4324 1142 4405 hac
1182 4323 1354 4431 Synodo
1394 4322 1656 4433 congregatis
1687 4323 1791 4405 iuter

297 4457 378 4538 alia
417 4457 548 4536 multa
587 4454 699 4535 cordi
741 4464 812 4552 est,
854 4467 899 4536 ut
938 4457 1007 4562 pia
1045 4458 1203 4563 praxis,
1244 4456 1435 4539 visitandi
1486 4458 1790 4539 sanctissimum

297 4588 608 4673 Sacramentum
650 4587 851 4691 industria
891 4599 1101 4695 pastorum
1143 4588 1332 4670 fidelibus
1372 4590 1702 4670 commendetur:
1740 4617 1790 4669 eo

299 4780 494 4792 *οι-φ..-

347 4857 384 4940 ¹¹)
407 4857 499 4920 Gers.
528 4866 620 4920 tract.
650 4853 803 4924 desolat.
832 4855 872 4918 de
900 4857 1009 4920 medit.
1037 4856 1167 4920 Consid.
1198 4856 1226 4920 7.
1255 4897 1294 4905 -
1317 4857 1427 4922 Verba
1450 4881 1474 4920 s.
1497 4858 1583 4941 Aug.
1605 4860 1636 4921 in
1661 4857 1790 4922 Pheret.

390 4968 423 5029 ὃ.
447 4965 622 5028 Bonavent.
636 4963 690 5027 lih.
713 4965 742 5026 4.
758 4984 829 5047 cap.
852 4966 902 5026 26.
915 4966 1026 5028 consor
1048 4969 1080 5030 S.
1103 4967 1196 5028 haur.
1214 4963 1387 5028 lastinian.
1402 4967 1442 5030 de
1455 4974 1532 5029 cast.
1557 4964 1695 5029 connnb.
1719 4987 1791 5050 cap.

398 5075 448 5135 22.
472 5071 584 5155 Ejusd.
608 5081 697 5136 tract.
721 5070 760 5132 do
790 5079 869 5133 orat.
893 5095 964 5156 cap.
998 5075 1045 5135 lt).
1096 5071 1132 5157 ¹²1)
1156 5072 1334 5135 Memorial.
1358 5076 1413 5137 vit.
1437 5073 1560 5137 sacerd.
1583 5085 1654 5159 cap.
1677 5074 1728 5136 38.
1750 5111 1791 5121 -

392 5178 445 5244 Ps.
471 5181 498 5242 1.
523 5178 613 5242 2-3.
666 5181 702 5265 ¹³)
724 5177 818 5241 doan.
844 5180 891 5241 12.
914 5181 963 5243 26.
