3960 5956
826 481 1018 568 CAPUT
1047 484 1119 565 IL*
1183 501 1195 562 .’

364 702 435 781 De
466 704 661 783 externo
692 675 853 783 ordine
883 703 934 783 in
963 702 1272 785 celebratione
1301 703 1564 835 Missarunr

337 939 446 1026 Oum
477 966 620 1042 omnes
650 974 779 1026 unum
810 948 937 1028 simus
967 947 1011 1026 in
1030 972 1115 1027 uno
1136 972 1317 1053 empore,
1348 945 1461 1054 quod
1482 956 1544 1027 est
1564 945 1708 1029 Eccle-

223 1075 293 1172 sia,
334 1061 560 1183 omnesque
599 1075 650 1158 de
689 1105 773 1158 uno
803 1105 911 1186 pane
949 1077 1258 1187 participemus,
1299 1079 1491 1159 convenit
1528 1079 1711 1177 omnino,

223 1217 267 1286 ut
307 1205 407 1287 dum
447 1207 490 1288 irr
530 1206 740 1291 Sacrificio
785 1209 936 1291 Missae
975 1207 1212 1317 peragendo
1252 1210 1336 1290 unc
1374 1206 1602 1317 eodemque
1632 1211 1712 1290 ritu
1794 1280 1815 1303 „

224 1337 277 1419 ab
307 1337 495 1420 Ecclesia
518 1342 770 1450 praescripto
789 1337 953 1441 utimur,
984 1367 1126 1448 parem
1148 1341 1272 1421 etiam
1293 1340 1479 1422 ordinem
1499 1353 1712 1422 externum

226 1496 385 1551 servare
425 1469 673 1572 strdeamus,
711 1501 835 1583 quem
875 1471 1108 1582 Apostolus.
1140 1471 1404 1554 commendat
1442 1500 1626 1575 monens,
1666 1483 1713 1554 ut

229 1603 395 1700 „omnia
423 1601 595 1686 honeste
615 1617 656 1686 ot
675 1604 902 1687 secundum
933 1604 1119 1687 ordinem
1148 1603 1288 1684 fiant.“
1309 1600 1342 1684 1)

343 1748 539 1836 Rectores
566 1753 704 1862 itaque
724 1754 988 1838 ecclesiarum
1007 1753 1251 1864 vigilabunt,
1281 1763 1334 1834 ne
1359 1754 1468 1862 vagi,
1488 1753 1621 1862 ignoti
1641 1761 1713 1834 out

222 1864 388 1966 aliunde
427 1887 605 1993 suspecti
646 1888 888 1970 sacerdotes.
925 1898 1011 1969 tarn
1051 1886 1278 1967 saeculares
1327 1912 1453 1994 quam
1492 1883 1710 1994 regulares,

224 2015 295 2122 qui
324 2015 605 2097 testimonium
635 2045 661 2097 a
690 2020 774 2100 suis
804 2018 1082 2129 superioribus
1111 2016 1302 2100 exhibere
1327 2045 1413 2098 non
1442 2027 1627 2125 possunt,
1657 2015 1712 2098 ad

224 2144 364 2227 divina
409 2145 545 2230 officia
583 2149 830 2233 celebranda
868 2149 1148 2233 admittente.
1209 2147 1451 2232 Sacerdotes
1495 2149 1712 2258 peregrini,

223 2276 381 2360 idoneis
411 2279 670 2363 documentis
700 2293 742 2364 et
771 2311 856 2365 non
885 2282 1177 2365 vetustioribus
1207 2309 1333 2389 quarn
1354 2280 1476 2365 unius
1495 2269 1594 2362 anni
1614 2304 1712 2389 pro-

223 2408 311 2510 visi,
351 2439 436 2493 una
473 2412 652 2496 alterave
692 2416 781 2496 vice
821 2415 875 2497 ad
920 2412 1047 2497 Sacra
1076 2412 1265 2494 facienda·
1309 2412 1472 2497 admitti
1515 2423 1711 2522 possunt:

223 2541 376 2624 diutius
405 2555 542 2627 autern
574 2549 865 2629 commoraturi
902 2547 957 2629 ad
987 2547 1259 2655 Episcopum,
1300 2557 1341 2627 et
1379 2547 1420 2626 in
1462 2544 1714 2627 districtibus

223 2703 249 2755 a
278 2675 374 2759 sede
404 2680 629 2788 episcopali
659 2681 782 2761 nimis
812 2681 997 2777 remotis,
1037 2677 1205 2787 quando
1240 2704 1305 2758 res
1343 2688 1473 2787 urget,
1503 2676 1557 2757 ad
1586 2675 1713 2758 Vica-

225 2808 330 2889 rium
369 2808 582 2892 foraneum
623 2813 892 2911 remittantur,
929 2813 1000 2920 qui
1032 2839 1156 2893 causa
1184 2796 1354 2921 cognita
1392 2809 1629 2891 facultatem
1658 2807 1713 2889 ad

224 2951 386 3050 tempus
416 2943 555 3054 largiri
586 2947 746 3053 poterit,
778 2945 911 3027 donec
941 2972 1185 3055 responsum
1211 2943 1409 3052 Episcopi
1439 2942 1711 3050 superveniat.

226 3070 380 3156 Stabile
419 3077 462 3156 in
502 3065 680 3159 ‹lidecesi
711 3078 976 3158 domicilium
1015 3076 1134 3158 fixuri
1172 3104 1249 3184 pro
1286 3075 1449 3193 licentia
1480 3072 1713 3156 celebrandi
1842 3117 1846 3126 ·

225 3204 479 3316 Episcopum
508 3209 669 3292 adeant.

341 3353 398 3436 Ut
428 3334 535 3438 ordo
551 3341 784 3440 divinorum
811 3358 1052 3455 officiorum,
1083 3359 1154 3467 qui
1174 3385 1307 3466 neque
1335 3357 1379 3436 in
1399 3354 1592 3438 omnibus
1611 3353 1714 3436 locis

226 3485 336 3569 idem
375 3517 484 3586 esso,
529 3518 665 3600 neque
708 3493 875 3600 proprio
917 3492 1104 3601 cujusvis
1136 3488 1305 3571 arbitrio
1352 3487 1527 3596 relinqui
1566 3496 1713 3594 potest,

226 3615 333 3703 tecte
363 3632 585 3706 statuatur:
616 3624 823 3708 Ordinarii
853 3623 1049 3707 adhibitis
1078 3622 1242 3705 duobus
1272 3618 1506 3715 Canoniois,
1537 3645 1713 3725 quorum

226 3752 328 3835 alter
365 3754 420 3839 ab
459 3746 670 3865 Episcopo
705 3749 812 3839 'alter
846 3751 1096 3864 a'Oapitulo
1136 3753 1321 3863 eligatrr,
1362 3751 1533 3833 lustrato
1571 3748 1714 3831 ordine

161 3986 169 4003 ,
227 3885 439 3995 hucusque
469 3888 687 3971 observato
717 3891 759 3970 in
791 3883 964 3999 'singulis
1000 3886 1183 3969 ecclesiis
1221 3884 1419 3968 definiant
1457 3882 1523 3963 vel
1562 3909 1715 3990 apprc-

228 4018 328 4102 bent
356 4019 544 4103 ordinem
573 4019 805 4119 Sacromm,
835 4021 977 4129 pietati
1007 4019 1190 4102 fidelium
1221 4029 1262 4099 et·
1291 4017 1428 4100 decori
1459 4015 1607 4097 domus
1634 4013 1715 4095 Dei

227 4155 406 4237 maxime
436 4154 761 4236 convenientem.
822 4153 1036 4236 Praeterea
1064 4153 1108 4234 in
1138 4177 1386 4260 unaquaque
1415 4148 1593 4232 dioecesi
1622 4145 1714 4227 Ma-

225 4286 352 4397 gister
379 4286 569 4397 liturgiae
599 4285 838 4395 principalis
867 4284 1095 4393 deputetur,
1136 4284 1206 4391 qui
1237 4282 1404 4364 strictae
1436 4277 1715 4362 observationi

226 4420 576 4503 caeremoniarum
611 4446 818 4502 sacrarum
863 4415 1071 4526 invigilet,
1116 4414 1243 4498 dubia
1279 4408 1535 4497 occurrentia
1570 4408 1715 4507 solvat,

226 4553 563 4664 negligentesque
592 4551 718 4648 officii
747 4550 981 4633 admoneat.
1042 4547 1136 4630 Pari
1165 4546 1292 4630 modo
1321 4544 1553 4627 frmctiones
1582 4539 1715 4624 eccle·

224 4685 422 4784 siasticae,
452 4687 496 4767 in
526 4683 676 4793 quibus
705 4683 838 4792 major
867 4678 1122 4764 Clericorum
1158 4704 1352 4759 numerus
1381 4674 1609 4772 intervenit,
1639 4700 1713 4779 per

225 4815 430 4901 delectum
459 4816 809 4900 caeremoniarum
840 4812 1084 4922 Magistrum
1115 4804 1365 4891 ordinentur

228 5004 419 5014 ————--

274 5076 300 5159 Ι)
324 5076 349 5140 1.
372 5076 446 5143 cor.
471 5078 517 5140 14.
539 5077 590 5140 rc.
