3960 5956
1643 351 1684 414 39

196 556 250 639 ab
282 556 486 640 amoribus
506 555 758 666 praeservari
779 563 994 664 exoptent,
1008 565 1050 636 et
1069 564 1193 664 prout
1214 553 1487 637 sincerissimo
1507 554 1690 636 veritatis

197 716 348 789 amore,
378 690 437 772 ita
466 689 696 771 humilitate
727 716 893 797 quoque
923 699 965 771 et
989 688 1187 770 charitate
1217 716 1316 798 erga
1336 686 1473 768 Deum
1492 702 1690 768 movean-

185 833 275 922 tur,
306 849 403 903 cum
433 822 631 929 scriptum
662 821 735 902 sit:
767 820 883 902 Deus
903 820 1091 928 superbis
1111 821 1272 920 resistit,
1302 818 1528 901 humilibus
1548 828 1690 901 autem

199 954 271 1037 dat
299 955 489 1063 gratiam.

686 1406 688 1411 ι
807 1288 999 1374 cneus
1031 1276 1085 1373 ul
1132 1288 1141 1301 ·

366 1512 543 1596 contra
572 1512 885 1614 gravissimos
915 1510 1067 1619 hujus,
1085 1511 1312 1612 temporis
1343 1530 1535 1593 errores.

315 1745 525 1858 Quemads,
557 1749 627 1856 qui
658 1747 772 1829 filiali
802 1727 953 1855 pietate
973 1745 1096 1829 Matri
1127 1747 1336 1829 Ecclesiae
1361 1747 1595 1848 adhaerent,
1627 1758 1694 1829 tu·

103 1865 107 1870 ’
200 1881 355 1965 tissime
386 1864 530 1964 contra
559 1880 710 1990 impios
740 1882 909 1990 quosvis
930 1909 1086 1964 errores
1115 1882 1263 1963 muniti
1284 1883 1385 1963 sint:
1416 1891 1567 1982 tamen,
1599 1883 1697 1990 quia

199 1995 350 2097 nostris
380 2013 526 2097 diebus
556 2043 691 2096 sermo
721 2013 855 2095 malus
876 2024 1090 2121 tamquam
1111 2043 1258 2097 cancer
1278 2017 1413 2124 serpit,
1446 2008 1530 2097 imo
1551 2026 1701 2128 aperto·

198 2147 306 2230 bello
338 2133 557 2229 coelestem
588 2148 819 2240 doctrinam
849 2149 1079 2257 impugnat,
1113 2148 1302 2237 fidelibus
1333 2152 1483 2232 nostris
1513 2149 1711 2231 nefastos·

199 2281 350 2364 saeculi
380 2310 537 2364 errores
566 2292 796 2370 monstrare
827 2311 911 2363 non
943 2281 1188 2383 desistimus,
1229 2312 1312 2392 quc
1343 2286 1477 2393 magis
1507 2283 1600 2364 illes
1624 2282 1695 2363 'fu-

197 2415 350 2526 giendo
380 2415 640 2499 abhorreant.
688 2415 909 2526 ,Imprimis
940 2417 1184 2526 gravissima
1214 2416 1284 2498 iila
1314 2429 1560 2517 commenta,
1601 2419 1694 2526 qui·

197 2550 276 2634 bus
307 2550 442 2632 omnis
471 2548 627 2660 religia,
657 2548 843 2658 probitas
873 2546 914 2631 et
944 2551 1115 2632 humani
1154 2552 1316 2661 generis
1346 2551 1457 2633 salus
1487 2552 1692 2652 evertitur,

203 2711 279 2765 ceu
311 2676 538 2765 catholicae
568 2683 729 2782 veritati
749 2683 929 2766 maxime
953 2684 1155 2766 contraria
1186 2684 1392 2792 rejicimus
1422 2694 1463 2766 et
1493 2663 1690 2768 condemss

199 2844 359 2899 namus.

314 3039 390 3122 De
420 3039 542 3122 Dec.
603 3039 715 3122 Inter
745 3043 1052 3150 perversissima
1083 3052 1319 3149 systemata,
1352 3045 1458 3149 quae
1498 3073 1539 3151 eg
1553 3046 1697 3126 castris

199 3172 451 3256 infidelitatis
489 3174 533 3253 in
573 3173 776 3282 populum
816 3175 1084 3257 christianum
1124 3156 1392 3284 sparguntur,
1424 3176 1587 3258 culmen
1616 3177 1696 3258 ini·

198 3308 366 3423 quitatis
396 3306 584 3388 doctrina
613 3307 790 3416 attingit,
822 3335 928 3416 quae
958 3309 1145 3389 nativum
1175 3309 1312 3389 nisum
1342 3309 1469 3389 animi
1494 3309 1696 3410 -humani,

198 3468 281 3549 quc
311 3438 450 3523 Deum
489 3439 614 3519 sentit
654 3451 695 3520 et
724 3439 778 3520 ad
804 3438 946 3521 'Deum
977 3441 1162 3543 trahitur,
1201 3440 1437 3523 adulterans
1467 3470 1601 3550 neque
1631 3444 1696 3523 in·
1775 3483 1777 3488 .

198 3572 387 3682 telligens
417 3599 564 3652 vocem
595 3582 884 3668 creaturarum,
916 3601 1045 3654 unmn
1077 3573 1214 3654 Deum
1245 3574 1572 3681 omnipotentem
1593 3572 1695 3655 Ore·

198 3716 356 3788 atorem
386 3687 574 3786 omnium
595 3705 862 3799 dissimulare,
883 3707 978 3786 imo
999 3733 1151 3814 negare
1172 3707 1307 3787 audet.
1347 3706 1403 3786 Et
1423 3708 1520 3813 quia
1539 3689 1697 3787 nudam

198 3817 456 3920 atrocitatem
486 3837 609 3945 hujus
639 3839 843 3919 mendacii
873 3839 1036 3919 animus
1069 3838 1276 3919 humanus
1306 3848 1454 3946 sponte
1484 3838 1695 3919 horresce-

197 3982 270 4070 ret,
310 3970 429 4051 tectis
468 3968 604 4052 verbis
644 3971 696 4051 de
736 3970 949 4051 divinitate
989 3971 1129 4078 aliqua
1158 3971 1224 4052 vel
1254 3971 1305 4052 dc
1342 3971 1483 4052 divino
1514 3971 1697 4078 quodam

200 4104 313 4211 loqui
343 4114 497 4199 amant,
529 4103 642 4209 quod
672 4102 808 4185 ubivis
837 4105 880 4184 in
915 4103 1073 4183 mundo
1114 4085 1312 4211 appareat
1342 4113 1383 4185 et
1412 4104 1627 4184 evolvatur
1657 4115 1698 4192 et

113 4215 116 4219 .
168 4285 177 4325 ς
199 4238 323 4336 vivat,
354 4224 471 4342 cujus
501 4234 544 4315 vi
574 4236 714 4315 omnia
743 4247 949 4343 regantur,
988 4237 1106 4341 cujus
1141 4245 1300 4343 partem
1341 4236 1522 4317 habeant
1552 4263 1696 4319 omnes

200 4397 265 4451 res
304 4367 594 4475 hominesque,
636 4367 750 4475 quod
789 4395 893 4448 vero
927 4394 1070 4474 reapse
1106 4368 1175 4488 pil'
1198 4368 1310 4449 aliud
1341 4381 1413 4456 est,
1450 4395 1576 4474 quam
1606 4368 1697 4475 ipsa
1736 4346 1738 4350 ⁵

199 4527 335 4583 remm
375 4499 636 4581 existentium
675 4511 833 4580 natura.
896 4496 1169 4608 Quocumque
1214 4501 1398 4615 demum*
1427 4499 1554 4580 modo
1594 4500 1697 4580 haec
1744 4565 1748 4572 .

201 4633 371 4714 ulterius
401 4642 671 4739 exponantur,
702 4632 788 4713 sive
819 4658 892 4738 per
920 4631 1269 4731 materialismum,
1307 4633 1378 4739 qui
1408 4631 1573 4712 nonnisi
1604 4658 1696 4713 cor·
1801 4728 1805 4735 ¹

196 4747 346 4874 'porcas
376 4763 628 4848 substantias
658 4791 746 4847 esse
776 4764 930 4863 asserit,
961 4765 1048 4872 sive
1077 4792 1150 4873 per
1175 4762 1325 4845 falsum
1346 4764 1695 4873 spiritualismum,

198 4898 271 5006 qui
299 4896 354 4978 ad
384 4896 637 5006 spiritualem
667 4895 941 4993 substantiam
972 4896 1112 4978 'omnia
1151 4897 1366 5009 existentia
1402 4896 1580 4993 reducit,
1620 4922 1696 4976 va-

103 5023 108 5029 ’
197 5029 408 5112 fenimum
427 5027 470 5111 in
491 5028 684 5112 omnibus
704 5028 942 5137 hujusmodi
963 5028 1160 5110 doctrinis
1177 5027 1521 5137 deprehendimus
1537 5028 1697 5110 Atheo-

198 5189 289 5243 rum
329 5161 395 5242 vel
441 5161 688 5271 pantheismi
728 5190 927 5269 errorem3
969 5160 1068 5242 dnm
1109 5148 1280 5261 scilicet,
1317 5164 1440 5242 unica
1469 5162 1695 5267 eademque
