3960 5956
823 560 1015 646 CAPUT
1043 564 1119 647 IX.
1147 617 1150 622 -

462 772 532 862 De
563 781 757 867 clericis
787 736 1040 866 educandis
1071 789 1118 866 et
1147 779 1461 868 instituendis.

340 1027 455 1126 Nihil
490 1035 679 1154 'amquam
719 1046 948 1146 Ecclesiae,
992 1048 1192 1130 honorem
1233 1078 1282 1130 ac
1322 1049 1512 1131 decorem
1553 1046 1719 1131 Ordinis

225 1177 488 1272 sacerdotalis
517 1180 818 1280 vindicaturae,
859 1192 1072 1289 tantopere
1102 1210 1223 1263 curae
1258 1181 1355 1283 fuit,
1396 1210 1522 1291 quam
1551 1192 1598 1262 ut
1622 1171 1719 1264 ido·
1826 1260 1832 1266 .

223 1342 324 1412 neos
353 1315 527 1422 piosque
557 1316 772 1423 contingat
801 1313 936 1396 ubivis
967 1317 1176 1422 acquirere
1209 1316 1489 1427 augustissimi
1511 1314 1718 1399 ‘Sacrificii
1857 1342 1860 1346 ·

223 1448 452 1548 ministros,
483 1448 709 1557 populique
739 1448 949 1528 christiani
978 1446 1086 1528 fidos
1118 1461 1321 1555 pastores.
1397 1446 1578 1558 „Magna
1608 1453 1719 1532 enim
1849 1431 1859 1455 ⁸

223 1580 454 1688 sublimitas
484 1609 680 1690 magnam
711 1581 864 1662 habere
894 1579 1017 1662 debet
1046 1581 1270 1682 cautelam,
1312 1594 1354 1664 et
1382 1583 1515 1667 honor
1549 1584 1718 1695 grandis

223 1714 435 1823 grandiori·
471 1707 595 1797 debet
634 1713 909 1803 sollicitudine
950 1715 1287 1815 circumvallari.“
1309 1713 1341 1797 1)
1417 1716 1529 1799 Hinc
1584 1697 1716 1826 potis-

223 1849 389 1929 simum
417 1842 559 1930 Patres
604 1849 647 1930 in
692 1858 835 1929 sancta
880 1844 1052 1955 Synodo
1097 1846 1341 1930 ’1111101111ηο
1380 1852 1620 1961 congregati
1651 1879 1717 1932 sa·

223 1981 489 2090 pientissimis
529 1982 857 2066 ordinationibus
893 1978 1182 2091 providerimt,
1219 1990 1265 2061 ut
1300 1981 1354 2063 ad
1392 1981 1600 2064 Ecclesiae
1637 1984 1746 2064 rni-⁴

222 2113 434 2194 nisterium
465 2113 644 2223 eligendi
676 2114 841 2197 coelesti
878 2116 1098 2224 sapientia,
1139 2115 1280 2223 probis
1320 2115 1504 2196 moribus
1544 2104 1591 2196 et'
1624 2115 1717 2196 diu-

221 2255 343 2325 turna
384 2246 569 2353 justitiae
620 2247 906 2351 observatione
946 2247 1226 2330 commendari
1279 2257 1521 2329 mereantur.
1583 2247 1717 2347 Quem

223 2376 264 2456 in
308 2373 432 2458 finem
464 2380 683 2486 praecipue
720 2381 939 2462 seminaria
967 2408 1041 2489 per
1071 2380 1255 2490 singulas
1285 2379 1492 2463 dioeceses
1522 2381 1718 2491 erigenda
1805 2463 1808 2468 .

222 2510 455 2608 esse-inter
485 2510 567 2591 alia
596 2511 855 2593 mandarunt.
873 2509 907 2592 2)

338 2640 504 2742 Quanto
526 2671 716 2725 successu
746 2643 837 2726 Deo
861 2646 1035 2752 juvante
1056 2643 1323 2752 saluberrima
1353 2644 1432 2725 1100
1457 2645 1715 2727 ordinatione

221 2773 343 2858 01010
374 2786 483 2877 10010
503 2771 719 2858 0110000110
749 2766 791 2859 01
808 2777 1061 2887 instituendo
1085 2777 1348 2886 providerint,
1379 2787 1520 2858 nostra
1549 2805 1715 2886 quoque

221 2910 435 3018 provincia
457 2920 589 3020 ¹grate
619 2904 821 3018 loquitur3
863 2910 1067 3018 siquidem
1106 2911 1177 3023 pia
1206 2909 1480 2991 sollicitudine
1509 2912 1714 3017 majorum
1766 2932 1772 2942 '

220 3053 262 3124 et
289 3022 609 3143 benefactorum,
641 3070 816 3151 quorum
841 3045 1012 3125 11010100
1044 3044 1211 3149 suntin
1240 3042 1346 3126 111110
1377 3044 1496 3139 vitae,
1528 3045 1715 3154 singulae

221 3174 428 3257 dioeceses
468 3172 722 3257 Clericorum
749 3176 990 3259 'seminariis
1036 3186 1093 3256 et.
1121 3175 1273 3256 scholis
1316 3175 1474 3257 dudum
1513 3177 1713 3283 provisae,
1829 3238 1833 3243 ·

220 3300 443 3389 novissime
472 3308 616 3409 erectis
657 3308 780 3391 etiam
795 3306 799 3315 ’
817 3305 927 3390 Cleri
955 3307 1183 3417 populique
1211 3307 1455 3414 liberalitate
1485 3308 1713 3392 minoribus
1844 3314 1867 3418 s

157 3469 161 3474 ·
221 3468 294 3521 0011
323 3467 545 3548 puerorum
575 3437 817 3520 seminariis
832 3439 875 3519 in
905 3438 1089 3522 Domino
1120 3440 1360 3549 gloriantur,
1738 3533 1747 3556 ἱ

336 3569 595 3680 Obsequium
625 3570 798 3652 decretis
828 3555 1037 3653 Ecclesiae
1078 3571 1280 3695 debitum,
1319 3584 1360 3653 et
1395 3601 1470 3680 pro
1511 3570 1714 3679 perceptis

220 3693 340 3799 donis
369 3703 579 3814 gratitudo
610 3703 801 3787 Patribus
816 3705 874 3784 xin
903 3703 982 3784 hac
1013 3684 1185 3810 Synodo
1216 3705 1478 3814 congregatis
1498 3689 1712 3808 tantopere

221 3837 335 3920 cordi
364 3849 436 3936 est,
467 3847 514 3918 ut
543 3823 598 3918 ad
627 3835 913 3946 ampliandum
944 3834 1171 3918 Sacerdotii
1201 3837 1401 3918 honorem
1442 3846 1482 3915 et
1520 3834 1713 3914 meritum

219 3970 432 4078 sequentia
462 3968 602 4076 quoad
622 3969 858 4076 provinciae
878 3957 1001 4076 liujus
1022 3966 1241 4051 seminaria
1260 3981 1436 4051 statuere
1458 3951 1709 4069 censuerint:

338 4172 374 4248 1.
405 4166 608 4250 Recenter
637 4170 770 4248 erecta
800 4195 1022 4274 puerorum
1052 4168 1279 4263 seminaria,
1311 4191 1406 4244 cum
1432 4163 1709 4270 plantationes

218 4302 301 4383 sint
330 4299 467 4381 adhuc
496 4298 681 4398 tenellae,
712 4298 910 4407 Episcopi
942 4301 1068 4398 omni,
1099 4326 1182 4406 qua
1201 4306 1404 4405 poterunt,
1435 4294 1711 4377 sollicitudine

217 4432 440 4542 augebunt,
471 4432 672 4541 provisuri
704 4442 906 4539 quantum
936 4431 1028 4514 Deo
1048 4431 1227 4540 propitio
1247 4429 1334 4511 fieri
1360 4429 1520 4537 poterit,
1551 4455 1604 4508 ne
1624 4426 1710 4508 suf-

216 4567 378 4648 ficiente
408 4566 505 4648 dote
535 4575 710 4674 careant,
741 4565 814 4648 sed
834 4565 1085 4673 pedetentim
1105 4561 1384 4644 abundantius
1403 4560 1594 4650 habeant,
1626 4556 1726 4667 quo

218 4701 417 4807 majorem
447 4726 668 4806 puerorum
698 4726 916 4779 numerum
945 4724 1020 4803 pro
1050 4694 1290 4801 indigentiis
1320 4694 1572 4777 111οο0001010
1602 4695 1710 4778 alere
1770 4716 1772 4720 ‘

217 4859 267 4911 ac
296 4831 486 4939 religiose
515 4826 690 4911 ¹educare
721 4830 945 4935 contingat.
1031 4889 1033 4892 -

266 5093 287 5175 ¹)
310 5093 433 5156 Auctor
447 5103 537 5156 tract.
561 5092 601 5155 de
625 5067 1294 5175 11131111000011100031100011001000.
1316 5108 1340 5149 s.
1364 5087 1530 5173 Ambros.)
1567 5045 1603 5172 ¹²)
1621 5087 1708 5152 Sess.

309 5198 435 5265 XXlll.
459 5199 498 5263 de
520 5199 589 5263 Rei.
613 5218 685 5282 cap.
710 5193 758 5259 18.
1469 5297 1508 5359 6*
