3960 5956
241 349 356 419 XXVI

242 569 355 633 preces
377 547 540 633 persolvit.
569 545 642 626 Quo
665 547 749 611 facto
772 546 924 633 Acolythi
945 556 979 612 et
999 548 1114 633 reliqui
1136 550 1272 614 ministri
1294 512 1521 630 disemsersmt,
1553 551 1735 634 ostiumque

243 654 354 719 sacelli
377 654 521 744 clausum
544 662 603 718 est.

340 762 415 827 Jam
443 760 723 827 Eminentissimus
751 763 955 849 Metropolita
977 761 1125 848 synodali
1158 784 1304 827 sermone
1337 763 1377 827 de
1404 762 1619 828 Conciliorum
1646 765 1734 828 insti-

7 864 14 871 ’
138 878 141 885 ’
242 874 373 953 tutione,
397 880 567 954 momento,
583 871 809 955 fructuumque
825 871 920 935 serari
936 871 1081 952 utilitate,
1094 879 1188 956 prout
1203 871 1243 934 de
1259 870 1387 935 damnis
1402 893 1443 936 ex
1459 869 1611 956 neglectu
1624 892 1734 935 eorum

242 981 319 1044 ortis
348 977 450 1043 verba
480 979 569 1060 fecit,
606 989 638 1043 et
670 981 815 1046 celebres
857 985 1033 1047 anteriores
1066 982 1215 1067 Synodos
1244 981 1427 1066 Pragenses
1467 1002 1734 1064 commemorans,

241 1089 382 1151 omnium
404 1089 622 1171 praesentium
645 1089 786 1154 studium
802 1097 834 1152 et
856 1090 958 1153 zelum
975 1093 1007 1154 in
1025 1111 1092 1153 rem
1115 1099 1281 1175 tantopere
1296 1097 1440 1154 sanctam
1455 1091 1619 1154 excitavit.

339 1192 492 1259 Sermone
520 1195 609 1259 finito
635 1198 839 1262 Promotoree
867 1200 1065 1279 institersmt,
1091 1207 1128 1261 ut
1154 1197 1309 1281 Decreta,
1338 1219 1422 1283 quae
1450 1198 1493 1262 ad
1519 1200 1734 1284 inceptionem

243 1301 366 1385 Synodi
395 1305 608 1387 pertinerent,
638 1301 888 1388 publicarentur.
932 1303 974 1367 Et
1000 1305 1101 1388 primo
1131 1301 1260 1389 quidem
1288 1305 1464 1369 Decretum
1491 1307 1531 1368 de
1558 1306 1737 1388 aperienda

243 1410 375 1490 Spuodo
396 1409 570 1474 mandante
591 1409 796 1496 Metropolim
818 1411 945 1490 lectum,
978 1421 1011 1474 et
1031 1392 1287 1497 approbantibus
1316 1411 1470 1477 Patribus
1497 1411 1633 1477 Concilii
1658 1414 1736 1498 ipsa

137 1553 140 1557 <
244 1516 396 1601 Synodus
419 1540 480 1581 ceu
502 1525 615 1603 aperta
637 1523 669 1580 et
690 1504 819 1601 incepta
842 1515 1007 1579 declarata
1028 1525 1087 1580 est.

341 1623 468 1687 Dehinc
498 1624 709 1689 Promotoree¹
727 1631 897 1708 rogarunt,
924 1632 960 1687 ut
988 1625 1163 1688 Decretum
1184 1626 1224 1687 de
1244 1626 1417 1689 emittenda
1431 1627 1514 1709 fidei
1531 1628 1734 1710 proseeeicue

243 1731 471 1817 publicaretur.
515 1733 611 1812 Quod
633 1743 803 1819 postquam
820 1734 917 1817 jussu
938 1731 1161 1818 Metropolitae
1183 1754 1203 1795 a
1223 1729 1408 1798 'Secretario
1430 1731 1550 1797 lectum
1571 1733 1641 1816 fuit,
1662 1735 1735 1818 ipse

243 1838 672 1904 anunenessirnusmaeses
695 1840 841 1926 deposita
863 1842 958 1905 mitra
979 1841 1021 1904 ad
1043 1839 1145 1905 altare
1166 1841 1359 1927 genuflexus
1374 1851 1407 1906 et
1420 1858 1518 1906 manu
1532 1841 1614 1907 libro
1629 1842 1737 1908 Even-

243 1948 399 2032 geliorum
426 1949 556 2013 admota
583 1951 705 2035 primus
727 1950 959 2036 professionem
980 1951 1057 2015 fidei
1079 1952 1199 2033 emisit,
1225 1954 1362 2016 caeteris
1384 1949 1533 2016 omnibus
1553 1972 1628 2015 eum
1652 1972 1737 2015 com·
1794 1951 1798 1962 '

245 2057 332 2119 muni
365 2058 551 2121 recitatione
585 2055 794 2143 sequentibus
827 2065 859 2120 et
880 2056 955 2120 dein
978 2078 1036 2142 per
1058 2056 1203 2120 ordinem
1223 2056 1257 2120 in
1278 2057 1350 2141 ejus
1370 2078 1485 2120 manus
1507 2055 1738 2141 professionem

243 2162 516 2246 confirmantibus,
539 2162 937 2248 tangendo-Evangelium
959 2171 992 2227 et
1013 2144 1167 2228 dicendo:
1203 2165 1276 2246 Epo
1304 2165 1389 2228 idem
1415 2165 1565 2246 spondeo,
1587 2176 1679 2228 occec
1700 2183 1740 2226 ce

238 2275 327 2357 juro.
371 2273 426 2336 su
446 2294 494 2336 me
515 2275 609 2337 Deus
631 2275 763 2357 udjsccet
782 2282 812 2336 ct
833 2274 910 2337 hoec
931 2281 1048 2337 sancta
1069 2274 1136 2336 Dei
1157 2274 1351 2358 Eucnqdiu.

342 2382 461 2445 Iterato
488 2380 564 2446 dein
590 2380 708 2446 lectum
736 2389 786 2445 est
812 2383 988 2446 Decretum
1014 2383 1054 2445 de
1080 2382 1238 2444 succedo
1259 2390 1387 2463 nemete,
1421 2387 1453 2442 et
1475 2399 1573 2465 quum
1594 2375 1737 2443 nonnulli

128 2546 132 2554 .
243 2490 461 2574 praesentium
494 2491 698 2575 sponsionem
731 2491 825 2552 istam
857 2489 999 2553 nondum
1032 2489 1230 2572 emisissent,
1258 2486 1465 2574 poscentibus
1498 2483 1739 2551 Promotoribus

244 2615 316 2660 eam
339 2617 447 2660 coram
469 2595 731 2663 Eminentissimo
754 2598 959 2683 Metropolim
980 2597 1161 2661 ediderunt.

341 2702 447 2767 Etiam
469 2712 599 2767 caetera
616 2704 757 2769 Decreta
778 2706 811 2769 in
827 2704 1088 2788 Congregatione
1110 2703 1254 2787 generali
1276 2711 1480 2788 praeparata,
1502 2703 1563 2767 uti:
1585 2703 1626 2765 de
1646 2701 1739 2764 mode

244 2812 371 2875 uiuendi
398 2813 434 2873 iu
459 2811 605 2894 Speculo,
632 2813 672 2875 de
689 2814 893 2896 praejudicio
915 2834 981 2874 uon
1001 2812 1221 2899 efferendum
1247 2812 1286 2873 de
1312 2810 1598 2884 accumulando,
1621 2830 1737 2893 rogan·

245 2915 331 2980 tibus
359 2914 614 2996 Promotoribus,
642 2938 740 3001 quum
768 2916 1059 2991 Reverendissimis
1086 2916 1237 2983 Patribus
1264 2915 1398 2980 Concilii
1431 2914 1639 3003 placuissent,
1667 2937 1739 3001 pro·

245 3022 398 3107 msslgeta,
421 3032 453 3087 et
473 3024 606 3108 insuper
624 3022 765 3088 Decreta
780 3025 1031 3116 Eminentiseimi
1046 3024 1268 3111 Metropolitae
1284 3026 1323 3088 de
1341 3025 1513 3095 Judicibue
1527 3024 1740 3107 synodalibus

245 3131 336 3194 etde
357 3132 562 3215 Officiclibue
584 3132 723 3216 synodi,
747 3154 830 3218 quae
857 3134 927 3218 jem
960 3134 993 3195 in
1015 3132 1273 3218 congregatione
1295 3129 1439 3216 generali
1469 3129 1576 3194 edicta
1603 3129 1741 3212 fuerant,

244 3239 381 3322 repetita
403 3247 486 3302 sunt.

340 3344 499 3409 Secutum·
522 3354 572 3409 est
593 3345 763 3411 Decretum
794 3348 833 3409 de
862 3346 1121 3429 promulgatione
1153 3349 1363 3412 Decretcrum
1400 3348 1666 3412 eudemum-um
1698 3346 1739 3413 de
1835 3385 1840 3395 ·

245 3451 447 3524 Recidentic,
474 3452 575 3536 (Sese.
599 3453 656 3516 VI.
684 3453 723 3517 de
745 3455 803 3517 ref.
831 3475 901 3539 cap.
926 3455 953 3517 l.
983 3463 1015 3517 et
1044 3453 1130 3519 Sese.
1160 3453 1288 3519 XXIII.
1316 3454 1357 3519 de
1386 3455 1445 3519 ref.
1476 3476 1547 3540 cap.
1578 3453 1621 3538 1.)
1656 3474 1741 3538 quae

244 3565 276 3621 et
297 3559 369 3644 ipsa
390 3558 554 3645 preelecta
576 3569 659 3626 sunt.
703 3560 842 3625 Demum
865 3563 1040 3652 Decretum
1060 3559 1260 3646 publicatum
1282 3568 1341 3643 est,
1365 3583 1428 3647 quo
1456 3563 1605 3647 proxima
1633 3560 1741 3624 Sessio

241 3664 372 3746 practice
393 3660 431 3730 in'
450 3666 534 3731 diem
559 3668 608 3732 13.
630 3667 831 3754 Septembris
853 3667 932 3732 hora
954 3677 1071 3733 octava
1093 3669 1304 3732 indicebatur.

340 3759 560 3858 Promulgatis'
582 3773 824 3860 promulgandis
852 3773 1055 3838 Promotoree
1083 3795 1142 3860 pro
1168 3773 1364 3860 publicando
1394 3774 1490 3859 hujus
1512 3774 1660 3839 Actionis
1693 3775 1740 3838 in·

245 3885 430 3961 strumento,
453 3880 539 3966 quod
559 3883 683 3945 interea
705 3903 724 3944 a
746 3879 878 3945 Notario
910 3890 1054 3946 actorum
1073 3881 1288 3979 synodalium
1302 3883 1483 3947 confectum
1509 3882 1594 3965 erat,
1617 3883 1739 3946 instite-

246 3994 330 4069 runt,
353 3987 503 4072 istudque
526 4010 544 4052 e
566 3988 718 4053 mandato
740 3987 994 4053 Eminentissimi
1017 3989 1147 4054 Domini
1170 4011 1229 4076 per
1249 3990 1416 4054 Notarium
1438 3988 1556 4053 lectum
1579 3998 1638 4052 est.

343 4117 466 4205 Aperte
489 4119 563 4183 dein
586 4118 697 4185 sacelli
719 4118 801 4183 ostio
821 4118 990 4183 Processio
1013 4117 1223 4202 Synodalium
1249 4119 1453 4205 pulsantibus
1475 4121 1606 4204 organis
1628 4116 1671 4184 ad
1692 4117 1737 4184 al·

245 4231 314 4288 tare
325 4225 431 4309 majus
451 4226 598 4290 ordinata
617 4226 687 4306 fuit,
709 4224 764 4290 ubi
779 4223 1061 4290 Eminentissimus
1075 4220 1279 4309 Metropolim
1294 4223 1470 4292 sollennem
1485 4224 1742 4292 benedictionem

246 4332 340 4400 Olero
356 4343 389 4398 et
410 4334 528 4422 populo
551 4334 704 4417 fidelium,
721 4336 774 4419 qui
789 4356 979 4399 numerosus
994 4330 1102 4399 adhuc
1116 4332 1239 4416 aderat,
1259 4334 1438 4420 impertitus
1453 4342 1512 4417 est,
1535 4342 1567 4398 et
1587 4332 1742 4419 depositis

245 4443 347 4507 sacris
376 4442 522 4508 vestibus
549 4465 615 4509 uua
641 4465 714 4509 cum
744 4442 915 4531 Episcopis
942 4466 962 4507 a
991 4443 1085 4509 Clero
1113 4443 1157 4507 ed
1178 4442 1316 4509 reditum
1337 4444 1371 4507 in
1402 4441 1502 4506 aedes
1524 4441 1739 4529 archiepisco·

246 4549 337 4636 pales
364 4548 522 4615 deductus
544 4560 603 4616 est.

646 4799 838 4857 Secunda
855 4798 1125 4871 venrant·
1142 4752 1361 4887 nemoralis.

345 4964 409 5032 Die
430 4966 622 5030 duodecima
644 4966 844 5052 Septembris
869 4967 959 5048 1860,
981 4987 1065 5051 quae
1087 4975 1157 5031 erat
1183 4965 1265 5032 feria
1279 4974 1395 5051 quarte
1408 4965 1493 5031 infra
1507 4961 1742 5029 hebdomadem

248 5073 439 5141 Dominicae
461 5072 536 5137 XV.
558 5081 631 5159 post
657 5074 886 5159 Pentecosten,
912 5077 994 5140 bore
1019 5097 1107 5140 uoco
1133 5077 1290 5140 matutina
1311 5078 1345 5140 in
1366 5074 1505 5140 ecclesia
1526 5073 1741 5159 archiepisco·

247 5180 331 5268 pelis
351 5181 515 5249 seminarii
536 5179 579 5247 ad
599 5179 635 5249 8.
656 5179 857 5249 bunionem
879 5182 992 5248 habita
1012 5191 1062 5247 est
1082 5181 1301 5268 Congregetm
1320 5181 1485 5269 generabs
1506 5182 1624 5248 alteru
