3960 5956
93 305 131 388 '—
237 351 381 418 xsvm

320 549 387 616 Sed
407 550 465 617 fiet
486 553 576 637 illud,
598 562 634 619 ut
656 576 759 640 spero,
782 577 804 618 c
832 556 945 637 vorm
960 554 1080 641 fietque
1102 575 1125 618 a
1143 576 1210 638 νιος
1233 563 1377 621 attamen
1396 558 1585 643 priusquam
1607 567 1641 623 et
1667 579 1731 645 quo

231 666 351 749 moysei
365 667 482 748 frasta
504 666 638 734 anobis
659 667 725 751 fiat,
748 677 821 733 ante
843 671 949 733 omnia
969 688 1128 732 memores
1150 664 1365 747 obedientiae,
1386 667 1586 731 reverentiae
1605 675 1639 730 et
1652 665 1728 732 sub-

231 772 404 855 missionis,
425 795 521 859 quam
542 796 621 860 erga
642 774 792 840 Sanctam
814 774 991 839 Romanam
1013 755 1204 856 Ecclesiam,
1232 775 1373 839 omnium
1392 770 1619 850 ,Ecclesiarum
1647 775 1727 859 opti-

232 897 316 942 mum
344 889 480 944 matrem
500 889 533 945 et
554 883 746 947 tutissimam
767 884 960 964 mapistrcm
987 881 1099 945 merito
1122 877 1288 961 debemus,
1318 878 1377 943 has
1405 877 1538 943 easdem
1566 877 1728 945 Constitu·

232 987 334 1051 tiones
362 996 503 1070 nostras,
533 987 741 1054 Sanctissimo
770 986 945 1053 Salvatoris
968 984 1052 1050 'Jcsu
1078 981 1196 1049 Christi
1225 985 1259 1048 in
1280 985 1374 1048 terris
1395 982 1536 1069 Vicario,
1565 984 1729 1050 humiliter

233 1089 457 1177 subjiciemus,
486 1102 522 1165 ut
550 1093 644 1160 Sedis
671 1091 877 1178 Apostolicae
893 1092 1018 1175 judicio
1047 1092 1257 1176 corrigantur,
1278 1089 1424 1177 Ejusque
1446 1091 1646 1158 Auctoritata
1667 1092 1728 1159 ful·

234 1202 367 1266 cientur.

331 1358 404 1424 Hac
425 1361 540 1424 summi
562 1361 596 1422 in
617 1357 766 1423 Ecclesia
787 1358 893 1421 Patris
915 1378 954 1421 ac
975 1357 1117 1421 Pastoris
1147 1357 1336 1421 auctoritate
1357 1353 1492 1439 firmata,
1515 1365 1626 1423 sancte
1645 1357 1728 1423 salu·

230 1465 394 1554 briterque
415 1465 550 1533 Consilii
573 1465 704 1531 decreta
723 1464 906 1530 redundent
926 1467 960 1529 in
981 1486 1099 1550 greges
1120 1472 1256 1547 nostros,
1289 1473 1326 1528 ut
1347 1463 1517 1530 irondcsnt
1537 1468 1570 1529 in
1591 1468 1728 1550 gratiam

229 1574 370 1663 dentque
402 1575 532 1641 odorem
558 1574 725 1638 suavitatis
756 1594 864 1638 coram
886 1573 957 1637 Deo
978 1581 1011 1636 et
1032 1572 1233 1655 hominibus,
1268 1581 1304 1637 ut
1325 1571 1458 1637 videant
1488 1593 1598 1637 omnes
1628 1594 1729 1659 opere

234 1704 345 1748 eorum
366 1682 461 1766 bona,
482 1681 727 1768 glorificentque
748 1681 876 1745 Patrem
898 1688 1051 1764 nostrum,
1073 1683 1128 1766 qui
1150 1683 1183 1745 in
1205 1680 1303 1746 coelis
1325 1688 1384 1745 est

349 1835 421 1901 Hoc
447 1835 577 1901 tandem¹
599 1834 746 1899 ultimum
768 1842 818 1898 est
838 1854 877 1913 ac
898 1835 1029 1897 unicum
1050 1842 1161 1898 votum
1181 1855 1298 1917 meum,
1322 1856 1384 1922 quo
1407 1838 1502 1900 etiam
1524 1816 1592 1902 Vos
1613 1858 1725 1904 omnes

232 1943 425 2030 amplector,
465 1946 520 2028 qui
552 1925 643 2007 lrdnc
682 1949 808 2006 coetum
848 1938 1035 2025 synodalem
1067 1939 1175 2004 labore
1211 1942 1347 2025 juvistis
1367 1950 1418 2005 ‘et
1460 1945 1643 2029 praesentia
1679 1967 1728 2010 or·

231 2053 345 2132 nasta,
368 2049 517 2137 quodque
540 2047 651 2132 Vobis,
668 2048 804 2133 jamjam
827 2047 1017 2111 discessuris
1047 2068 1108 2112 ceu
1128 2039 1275 2146 ultimum
1307 2049 1439 2122 „sz
1472 2048 1582 2115 deiero
1614 2060 1648 2114 et
1676 2073 1729 2117 ac·

165 2175 168 2186 ’
233 2157 345 2241 clamo,
368 2166 425 2241 „ut
438 2158 577 2222 videatis
590 2156 674 2221 bona
686 2153 867 2220 Jerusalem
878 2162 912 2217 et
931 2156 1096 2238 accipiatis
1118 2175 1268 2219 coronam
1278 2155 1425 2221 laborum
1438 2158 1730 2224 immarcescibilem
1780 2184 1783 2189 ·

233 2263 276 2329 ab
290 2274 420 2330 aeterno
441 2264 573 2329 Pastore
595 2284 634 2327 ac
658 2263 795 2326 Domino
817 2261 933 2326 Nostro
961 2260 1044 2325 Jesu
1072 2260 1211 2345 Christo,
1242 2266 1297 2347 qui
1318 2273 1369 2327 est
1390 2284 1489 2349 super
1509 2268 1616 2330 omnia
1635 2265 1729 2332 Deus

231 2364 480 2454 benedictus,et
500 2372 553 2434 cui
575 2373 617 2434 sit
631 2371 733 2433 omnis
749 2367 848 2433 honor
863 2376 896 2432 et
909 2366 1011 2452 gloria
1025 2376 1058 2431 et
1072 2371 1241 2454 imperium
1263 2373 1295 2434 in
1317 2373 1424 2447 omnia¹
1444 2371 1644 2437 saeculorum
1657 2395 1727 2438 sae·

232 2480 321 2563 cula,
347 2479 463 2544 Amen.

790 2791 834 2886 4)
861 2788 1183 2873 declamationes

619 2976 657 3038 tn
676 2976 800 3038 ultim
819 2975 963 3037 concilii
983 2976 1141 3038 sermone
1162 2977 1301 3053 publica
1321 2978 1442 3040 factae.

319 3154 439 3226 dccl.
472 3155 707 3219 Sacrosanctae
730 3162 763 3217 et
784 3153 971 3218 individuae
998 3155 1167 3237 Trinitcti,
1190 3155 1335 3219 crucitixi
1357 3154 1488 3221 Domini
1520 3162 1621 3224 nostri
1648 3161 1730 3225 Jesss

236 3262 359 3326 Christi
380 3262 596 3345 Humanitati,
629 3260 836 3326 beatissimae
859 3270 891 3324 et
911 3262 1176 3347 gloriosissimae,
1210 3284 1401 3348 semperque
1431 3266 1578 3347 Virginis
1600 3268 1731 3330 Marias

142 3437 144 3440 ,
233 3369 391 3434 fecundae
413 3372 604 3454 integritati,
635 3369 821 3434 coelestium
843 3371 1065 3434 Patrooorom
1086 3379 1266 3434 nostrorum
1288 3369 1417 3455 Cyrilli,
1446 3371 1619 3456 Methodii,
1649 3374 1730 3457 Viti,

232 3476 428 3560 Wenceslai,
462 3476 645 3560 Adalberti,
678 3476 888 3561 Sigismundi,
919 3476 1054 3542 Joannis
1076 3477 1313 3563 Nepomuceni,
1346 3478 1509 3564 Procopii,
1538 3481 1677 3546 Oosmac
1699 3490 1732 3546 et

233 3585 395 3669 Damiani,
416 3585 585 3651 Benedicti
608 3585 859 3668 cumfratribus,
881 3584 1042 3668 Norberti,
1063 3584 1198 3670 Josephi
1222 3594 1319 3671 atque
1335 3586 1513 3671 Lutlmilae,
1535 3595 1568 3651 et
1589 3590 1731 3653 omnium

233 3693 427 3757 Sanctorum
451 3695 652 3757 universitati
680 3694 722 3757 sit
749 3695 944 3779 sempiterna
971 3693 1056 3777 laus,
1084 3691 1193 3777 honor,
1221 3695 1324 3758 virtus
1346 3699 1379 3757 et
1399 3693 1503 3779 gloria
1524 3716 1584 3781 per
1604 3695 1731 3761 infinita

237 3799 367 3867 saecula
389 3799 607 3866 saeculorum

331 3955 444 4041 Resp.
476 3956 684 4039 Ssmpitsrna
706 3956 797 4030 loris,
819 3958 937 4031 bosor,
958 3958 1062 4019 virtus
1079 3964 1113 4019 st
1133 3956 1241 4038 glosis
1262 3959 1303 4020 ab
1331 3960 1416 4022 omni
1438 3968 1599 4035 msctsra,
1622 3961 1730 4024 nobis·

236 4087 295 4148 qus
316 4067 463 4128 remissio
485 4067 625 4129 omnium
646 4073 866 4145 pcccatorum,
895 4086 956 4146 per
977 4064 1110 4146 infinita
1130 4064 1261 4127 sacerdo
1282 4066 1507 4129 sacculorum!

330 4244 436 4310 Accl.
469 4245 662 4310 Beatissimo
685 4246 772 4310 Patri
794 4255 827 4310 et
849 4246 987 4309 Domino
1013 4247 1210 4316 nostroPio
1231 4248 1347 4328 Papae
1368 4249 1478 4322 Nosco,
1509 4247 1591 4312 Jesu
1613 4246 1733 4312 Christi

234 4356 268 4418 in
293 4355 386 4417 terris
414 4352 559 4435 Vicario,
595 4353 737 4438 legitimo
770 4352 856 4418 beati
883 4353 1110 4438 Apostolorum
1141 4353 1300 4438 Principis
1329 4357 1508 4419 successori
1535 4363 1568 4418 et
1599 4363 1731 4420 sanctae

234 4461 426 4526 universalis
448 4458 615 4525 Ecclesiae
638 4461 785 4526 Pontifici
807 4463 952 4546 piissima
967 4460 1065 4525 Urbis
1087 4469 1120 4524 et
1134 4460 1231 4525 Orbis
1253 4459 1446 4545 obedientia,
1470 4460 1548 4525 felix
1571 4460 1612 4525 de
1627 4460 1732 4526 (riuos

234 4568 349 4634 Crucis
370 4571 515 4650 victoria,
538 4567 629 4632 multi
650 4570 725 4631 anni
758 4578 791 4632 et
812 4578 944 4632 aeterna
964 4569 1134 4631 memoria!

334 4749 447 4835 Resp.
481 4751 690 4824 obedientia,
719 4752 873 4824 victoria,
903 4750 998 4814 multi
1030 4751 1110 4812 asni
1142 4758 1171 4812 st
1203 4758 1336 4813 osterna
1366 4752 1540 4814 mensoria!
1568 4751 1733 4815 Dominus

235 4867 395 4922 conseruet
415 4858 505 4920 Eum
526 4867 555 4921 st
574 4861 709 4943 vivificet
729 4860 818 4923 Eum
840 4867 869 4922 st
891 4860 1016 4922 beatiam
1037 4857 1146 4940 faciat
1165 4856 1255 4918 Eum
1275 4858 1312 4919 irs
1338 4865 1438 4931 terra,
1465 4866 1496 4921 st
1521 4874 1586 4920 oon
1616 4858 1733 4920 trudat

236 4965 325 5030 Eum
357 4967 392 5029 ia
423 4985 541 5028 morsm
573 4967 774 5030 inimicorum
806 4966 904 5049 Ejus.
947 4965 1032 5028 Esto
1070 4963 1128 5037 Ei,
1159 4963 1312 5037 Domine,
1342 4966 1445 5028 turris
1470 4965 1684 5047 fortitudinis
1708 4985 1730 5026 a

229 5074 320 5158 facis
344 5073 475 5136 inimici.
518 5073 615 5137 Mitte
634 5074 682 5138 m·
703 5073 863 5137 amilium
884 5072 923 5136 ds
944 5081 1065 5146 samso,
1088 5083 1118 5137 et
1132 5075 1171 5137 dc
1192 5074 1272 5137 Sion
1294 5083 1382 5137 tuere
1401 5072 1510 5136 Eam!
