3960 5956
287 327 329 393 22

285 532 413 612 nostri
453 531 604 613 saeculi
627 534 909 641 <perversitate
950 562 999 613 eo
1039 532 1174 640 magis
1213 539 1500 638 provocantur,
1538 559 1621 639 quo
1651 532 1789 641 major

285 666 329 747 in
359 663 446 746 dies
476 667 671 746 accrescit
710 677 798 779 tum
836 664 1140 746 incredulorum
1170 663 1301 764 turba,
1340 665 1411 772 qui
1442 662 1674 746 carnalibus
1703 665 1783 772 ipsi

187 839 190 842 ⁴
285 796 496 878 desideriis
536 799 773 907 mancipati,
814 799 967 880 nullius
1007 797 1172 878 alterius
1213 798 1480 878 castimoniae
1519 795 1664 898 fidunt,
1694 807 1784 879 tum

285 930 393 1012 male
423 930 722 1018 blandientium
756 932 887 1039 copia,
919 932 989 1038 qui
1021 926 1203 1011 Clericos
1233 932 1403 1011 terrenis
1440 931 1784 1038 concupiscentiis

286 1064 496 1172 implicare
530 1075 735 1173 satagunt,
767 1077 812 1145 ut
842 1062 1021 1172 perfidos
1052 1091 1150 1144 mox
1180 1072 1296 1144 tanto
1327 1062 1609 1145 vehementius
1645 1065 1783 1172 impu-

176 1260 178 1265 ,
287 1225 415 1308 gnare
447 1207 487 1278 et
517 1207 779 1279 contemnere
810 1208 973 1308 queant.

402 1344 466 1427 Ne
496 1347 618 1456 hujus
647 1350 892 1456 provinciae·
914 1344 1063 1429 Clerici
1100 1333 1199 1427 talia
1237 1347 1371 1427 tristes
1401 1347 1682 1454 experientia:
1714 1347 1784 1429 vix

289 1482 380 1589 ipsa
409 1482 554 1580 oratio,
585 1492 677 1564 utut
706 1475 864 1565 fervida
893 1480 1065 1590 cavebit,
1096 1482 1230 1587 neque
1252 1482 1400 1589 juncta
1428 1479 1619 1589 precibus
1660 1508 1785 1583 occu-

289 1614 414 1723 patio,
445 1615 523 1694 nisi
555 1616 599 1694 in
630 1615 729 1725 fuga
759 1614 882 1697 simul
903 1615 1076 1696 salutem
1099 1622 1350 1722 quaerentes,
1381 1641 1407 1692 a
1426 1612 1645 1696 mulierum
1664 1642 1786 1723 prae-

289 1748 680 1849 sertim'consortiO,
711 1758 912 1858 quantum
942 1747 1161 1857 potuerint,
1192 1745 1435 1827 abstineant.

406 1876 670 1961 Meminerint
707 1883 865 1990 itaque,
908 1874 1077 1961 Clericis
1116 1907 1202 1960 non
1238 1889 1400 1961 tantum
1431 1881 1786 1964 conversationem

290 1997 386 2094 oum
415 2012 656 2095 mulieribus
687 2004 855 2122 quoquo
893 2013 1019 2093 modo
1051 2013 1249 2120 suspectis
1280 2013 1450 2095 omnino
1481 2015 1657 2108 vetitam
1688 2041 1787 2116 esse,

66 2235 69 2242 ,
152 2153 155 2160 “
290 2145 363 2267 sed
392 2130 608 2229 vitandum
640 2146 825 2255 alioquin
847 2144 1138 2254 quodcumque
1167 2145 1311 2227 inutile
1341 2175 1390 2226 ac
1419 2144 1610 2255 frequens
1639 2147 1787 2231 mulie-

289 2307 381 2361 rum
412 2281 676 2363 consortium.
710 2279 844 2379 „Uar
866 2280 976 2359 enim
1002 2281 1168 2362 castitas
1199 2282 1349 2361 servari
1381 2289 1505 2389 queat
1534 2282 1580 2362 in·
1597 2281 1788 2367 muliebri

291 2415 519 2520 consortio:
552 2442 644 2495 raro
665 2426 804 2494 tamen
824 2413 983 2495 bonum
1013 2441 1165 2494 nomen
1195 2413 1358 2494 retineri
1379 2422 1552 2522 potest.“
1573 2403 1615 2493 6)
1637 2412 1702 2496 Ne
1721 2414 1787 2497 id·

133 2539 139 2547 ”
255 2583 257 2588 ·
291 2548 400 2631 circo
440 2548 507 2628 vel
543 2547 676 2640 levem
708 2544 892 2627 scandali
932 2554 1004 2626 aut
1033 2545 1219 2626 sinistrae
1250 2546 1496 2653 suspicionis
1526 2548 1787 2640 Occasionem

290 2679 537 2790 praebeant,
569 2680 682 2761 illam
714 2708 743 2760 s.
766 2671 1081 2761 Bonaventurae
1111 2677 1297 2788 regulam
1327 2688 1570 2787 sequantur,
1601 2708 1696 2763 cum
1727 2681 1787 2765 fe-

237 2901 240 2906 ,
291 2815 414 2895 minis
458 2843 544 2897 non
586 2814 767 2922 exceptis
812 2814 910 2894 item
950 2814 1140 2924 ingenuis
1169 2793 1234 2894 ¹ac
1273 2813 1515 2895 verecundis
1554 2841 1787 2900 sermonem

193 3052 195 3057 Ι
297 2946 488 3047 „brevem
523 2956 564 3028 et
593 2946 797 3055 rigidum“
833 2974 920 3028 esse
950 2946 1200 3047 habendum.
1219 2941 1251 3026 7)
1320 2974 1322 2979 ·
1374 2956 1376 2960 ’

319 3096 322 3101 ’
408 3096 709 3216 Procur'atrices
730 3103 878 3185 domus
909 3115 949 3185 et
975 3103 1146 3186 ancillas
1176 3133 1261 3186 non
1291 3101 1457 3212 eligant,
1495 3105 1574 3186 nisi
1605 3105 1785 3216 integer·

292 3238 420 3321 rimae
449 3236 587 3319 famae
618 3239 719 3335 sint,
750 3247 883 3319 aetate
914 3247 954 3319 et
982 3236 1187 3334 moribus,
1219 3236 1470 3318 verecundia
1499 3246 1540 3319 et
1569 3237 1788 3321 sobrietate

292 3397 459 3480 graves,
491 3382 537 3451 ut
566 3371 638 3479 qui
669 3399 718 3453 ex
745 3369 918 3453 adverso
948 3383 1011 3453 est
1029 3379 1278 3470 revereatur,
1309 3369 1414 3450 nihil
1442 3361 1600 3452 habens
1629 3370 1786 3453 malum

293 3502 428 3585 dicere
457 3503 509 3585 de
540 3502 673 3585 nobis.
727 3501 903 3619 Mensae
932 3504 1158 3611 cum-ipsis
1193 3530 1279 3583 non
1309 3501 1536 3616 assideant,
1567 3504 1611 3589 in
1646 3526 1788 3585 aarum

294 3635 485 3719 cubiculo
519 3665 590 3718 seu
621 3637 734 3731 loco,
773 3622 844 3719 ubi
857 3660 861 3667 ’
875 3635 997 3718 rebus
1027 3636 1263 3717 domesticis
1302 3646 1472 3734 vacant,
1518 3635 1675 3746 absque
1713 3631 1788 3719 ness
1847 3641 1850 3646 ’

295 3769 482 3851 cessitate
512 3797 597 3851 non
628 3779 850 3850 morentur.
902 3764 1010 3849 Cum
1041 3767 1315 3877 procuratrice
1344 3795 1572 3877 numquam
1602 3769 1656 3852 ad
1685 3798 1788 3853 con-
1862 3821 1863 3824 κ

293 3901 405 3981 vivia
434 3901 595 3982 invitati
626 3902 844 3999 accedant,
885 3928 1019 4009 neque
1048 3899 1196 3983 eodem
1236 3928 1331 3982 oum
1371 3902 1462 4008 ipsa
1491 3903 1652 3987 etiamsi
1686 3930 1788 3986 con-

295 4033 524 4142 sanguinea
554 4035 627 4132 sit,
659 4063 778 4115 curru
806 4034 902 4115 vehi
933 4044 1207 4141 praesumant.
1345 4086 1349 4093 ·
1428 4017 1431 4021 ⁷

411 4233 449 4312 2.
481 4230 723 4314 Honestatis
753 4242 794 4313 et
824 4242 959 4313 castae
989 4232 1098 4313 vitae
1123 4231 1289 4314 laudem
1310 4234 1569 4341 promerituri
1599 4235 1789 4346 noverint
1894 4327 1899 4339 Ι

296 4361 455 4463 Clerici,
493 4364 632 4472 „quod
664 4366 751 4445 viro
782 4363 1068 4462 ecclesiastico,
1100 4392 1360 4474 quacumque
1389 4364 1546 4477 fulgeat
1575 4357 1787 4479 dignitate,

295 4496 389 4605 plus
418 4496 552 4578 laudis
590 4496 733 4577 afferat
762 4494 975 4605 frugalitas
1014 4497 1058 4576 in
1087 4525 1250 4599 mensa,
1291 4481 1417 4606 quam
1447 4509 1656 4609 sumptus,
1695 4501 1789 4610 plus

296 4628 507 4711 dedecoris
537 4630 762 4737 exquisitus
788 4638 1028 4736 apparatus,
1059 4657 1184 4737 quam
1215 4630 1401 4737 simplex.
1434 4628 1497 4712 Sit
1525 4659 1624 4742 ergo
1654 4633 1788 4715 cultus

288 4762 338 4842 in
368 4789 511 4842 mensa
541 4771 581 4842 et
601 4761 801 4842 conviviis
831 4760 970 4868 potius
999 4762 1042 4842 in
1073 4763 1292 4846 sobrietate
1322 4773 1363 4842 ct
1392 4763 1476 4845 sale
1496 4764 1672 4853 conditis
1702 4793 1786 4850 ser-

339 5065 363 5149 q
387 5061 485 5128 Cone.
508 5066 650 5150 provinc.
667 5062 832 5128 Camerac.
849 5084 920 5127 ann.
939 5063 1027 5128 maa
1049 5039 1140 5127 VIII.
1162 5083 1233 5150 cap.
1256 5063 1285 5126 3.

338 5171 363 5256 ⁷)
385 5171 436 5236 De
458 5174 553 5258 parit
576 5174 750 5238 conscient.
774 5192 843 5257 cap.
869 5171 917 5234 14.
941 5169 984 5234 ad
1005 5162 1058 5234 fin.
