3960 5956
253 303 296 364 94

364 500 586 584 Solennem
623 493 908 607 Reliquianrm
947 498 1258 607 expositionem,
1304 496 1533 579 dummodo
1577 498 1737 582 ratione

247 637 383 718 avitae
412 633 599 717 loconrm
628 630 949 730 consuetudinis,
989 629 1057 712 vel
1096 630 1151 712 ob
1190 629 1316 710 aliam
1355 657 1526 740 gravem
1560 657 1741 733 causam,

199 798 206 811 ⁸
247 769 390 852 sedulo
410 777 551 849 tamen
579 766 708 847 vitata
738 773 933 872 quaestus
956 764 1190 873 suspicione
1220 761 1302 862 fiat,
1333 791 1419 845 non
1439 762 1750 873 improbamus33
1800 773 1804 781 '

246 903 439 984 volumus
469 910 606 980 autem
638 907 679 979 et
697 895 956 995 mandamus,
987 897 1105 977 utin
1135 894 1372 1003 hujusmodi
1398 898 1669 1003 expositione,
1699 909 1742 982 et

246 1037 281 1115 si
317 1061 424 1143 quae
462 1033 542 1113 hac
581 1030 798 1113 occasione
828 1028 968 1110 locum
997 1028 1134 1125 habet,
1174 1026 1341 1135 publiea
1370 1030 1636 1150 processione
1673 1032 1739 1113 in·

245 1168 416 1257 structio
453 1164 631 1247 Ritualis
670 1162 810 1260 nostri,
857 1189 953 1241 cum
984 1160 1285 1269 approbatione
1325 1157 1444 1243 Sedis
1472 1161 1740 1272 Apostolioae

246 1299 554 1409 quamprimum
583 1293 731 1377 edendi
761 1295 899 1376 stricte
929 1303 1123 1377 servetur.

308 1452 312 1459 ’
360 1446 575 1556 Rogamus
605 1444 773 1526 tandem
803 1444 1069 1524 ecelesiarum
1097 1453 1274 1524 rectores
1294 1471 1368 1551 per
1391 1472 1577 1527 amorem
1602 1445 1734 1530 Sane-

244 1592 392 1677 torum,
433 1606 609 1687 quorum
648 1574 877 1685 gaudemus
912 1574 1125 1683 Reliquiis,
1167 1587 1213 1655 ut
1241 1575 1428 1683 piissima
1456 1578 1736 1662 sollicitudine

243 1711 498 1822 provideant,
528 1693 826 1819 invigilentque
866 1708 1075 1805 continue,
1113 1736 1165 1789 ne
1194 1709 1382 1816 pretiosa·
1404 1711 1607 1818 ejusmodi
1642 1741 1738 1795 ossa

244 1857 284 1927 et
313 1845 477 1926 divinae
496 1843 764 1953 protectionis
783 1842 960 1951 pignora
988 1841 1074 1922 ullo
1097 1841 1224 1923 modo
1248 1841 1526 1949 profanentur,
1557 1872 1629 1926 seu
1659 1846 1736 1928 ho-

242 1978 402 2058 minum
441 1978 599 2059 incuria
637 1985 817 2084 pereant.
879 1971 1002 2073 Quod
1040 1976 1074 2056 si
1114 1986 1252 2056 autem
1290 1974 1503 2083 Reliquias
1533 1978 1736 2086 quasdam

241 2122 313 2192 aut
341 2137 483 2191 earum
511 2107 736 2219 particulas
767 2108 869 2187 citra
898 2134 1016 2187 suam
1047 2106 1214 2215 culpam
1235 2109 1467 2216 repererint
1505 2109 1610 2193 adeo
1641 2139 1734 2193 eor-

241 2254 393 2353 ruptas,
434 2253 481 2324 ut
509 2240 688 2350 amplius
717 2267 794 2320 nec
824 2238 1014 2347 publicae
1044 2240 1298 2321 venerationi
1334 2251 1424 2322 tuto
1464 2269 1513 2323 ac
1543 2242 1735 2327 decenter

241 2377 439 2486 proponi,
481 2403 557 2456 nec
596 2372 699 2456 alias
729 2366 870 2482 digne'
883 2370 1069 2483 recondi·
1091 2373 1268 2482 possint:
1300 2374 1492 2455 consulto
1523 2374 1734 2486 Episcopo

242 2509 491 2591 comburant
521 2535 601 2606 eas,
632 2508 872 2613 cineresque
900 2505 945 2584 in
974 2504 1199 2585 sacrarium
1228 2505 1408 2586 mittant.

319 2694 356 2774 2.
380 2689 639 2773 Sacrosancti
655 2685 832 2770 Concilii
847 2683 1079 2766 Tridentini
1100 2698 1140 2766 et
1155 2685 1553 2770 Archidioecesanae
1574 2688 1733 2799 Synodi

239 2823 458 2933 Pragensis
488 2821 597 2903 edita
617 2820 670 2902 de
689 2821 814 2902 saeris
835 2816 1093 2926 Imaginibus
1124 2818 1286 2899 decreta
1316 2820 1563 2913 irmcvantes
1591 2851 1732 2907 severe

238 2955 516 3065 prohibemus,
543 2980 596 3035 ne
615 2952 724 3033 ullae
743 2951 835 3033 falsi
857 2952 1066 3061 dogmatis
1087 2951 1290 3060 imagines
1318 2964 1359 3032 et
1378 2953 1549 3036 rudibus
1568 2957 1732 3064 perieu-

238 3088 317 3169 losi
342 3087 487 3169 erroris
517 3085 778 3166 occasionem
807 3084 1050 3192 praebentes
1071 3093 1312 3183 statuantur,
1343 3088 1580 3193 neprocaei
1600 3116 1731 3203 venu-

238 3230 342 3302 state
362 3220 588 3329 pingantur
607 3216 674 3299 vel
693 3228 899 3317 ornentur,
921 3230 962 3301 et
982 3217 1096 3326 quod
1114 3219 1294 3303 maxime
1315 3218 1434 3318 absit,
1464 3220 1631 3304 alterius
1650 3221 1729 3305 ho·

237 3354 360 3434 minis
390 3351 566 3434 viventis
596 3349 775 3459 effigiem
806 3380 856 3431 ex
890 3350 1057 3432 artificis
1092 3349 1292 3431 industria
1326 3351 1520 3456 referant3
1550 3380 1604 3435 ne
1625 3381 1731 3461 apo·

170 3593 174 3597 ‚
237 3485 414 3594 eryphas
444 3482 635 3566 historias
660 3494 964 3591 repraesentent
983 3494 1055 3563 aut
1075 3482 1231 3591 aliquid
1254 3481 1347 3565 falsi
1367 3496 1439 3564 aut
1459 3486 1731 3592 superstitiosi

236 3619 493 3716 contineant,
534 3615 677 3696 autin
707 3616 758 3696 iis
788 3615 1027 3724 quidquam,
1059 3615 1171 3723 quod
1200 3625 1329 3724 turpe,
1366 3617 1480 3724 qued
1508 3617 1730 3725 profanum

236 3750 301 3831 vel
340 3749 604 3831 inhonestiun
644 3749 707 3847 sit,
743 3760 951 3856 appareat,
988 3747 1152 3856 quodve
1181 3749 1344 3856 piorum
1382 3750 1513 3832 oeulis
1542 3751 1730 3859 aliquam

234 3882 378 3964 afferre
407 3883 539 3989 possit
561 3881 843 3963 offensionem.
874 3879 1044 3963 Nemini
1074 3875 1173 3990 ergo
1203 3880 1325 3961 liceat
1354 3883 1438 3964 ullo
1460 3884 1503 3965 in
1524 3882 1618 3965 loco
1648 3912 1728 3994 pu-

233 4014 342 4098 blico
384 4013 450 4095 vel
479 4013 652 4096 eeclesia
689 4015 815 4096 etiam
832 4015 1158 4124 nquomodolibet
1187 4027 1378 4123 exempta
1417 4018 1546 4099 ullam
1582 4017 1727 4101 insoli-

234 4158 321 4229 tam
350 4175 504 4255 ponere
533 4145 600 4228 vel
618 4147 856 4254 ponendam
887 4176 1026 4228 curare
1047 4148 1290 4258 imaginem,
1321 4151 1401 4230 nisi
1430 4151 1484 4233 ab
1514 4149 1726 4261 Episcopo

234 4279 464 4389 approbata
492 4278 632 4385 fuerit;
664 4290 706 4362 et
724 4291 847 4388 prout
867 4281 1085 4391 Pragensis
1106 4279 1300 4388 Synodus
1320 4295 1594 4390 praeceperat,
1620 4285 1727 4366 ima·

110 4403 114 4416 ’
234 4416 352 4525 gines
372 4414 507 4522 pictae
535 4413 602 4494 vel
623 4413 806 4521 sculptae
832 4415 895 4496 his
916 4416 1067 4525 regulis
1087 4427 1364 4525 repugnantes
1385 4417 1524 4498 statim
1554 4419 1726 4501 omnino

234 4547 486 4646 aboleantur,
517 4547 719 4655 imagines
749 4558 889 4629 autem
919 4576 1013 4630 vere
1042 4549 1146 4656 piae,
1178 4548 1212 4628 si
1241 4548 1394 4630 fractae
1423 4560 1495 4631 aut
1522 4559 1726 4634 vetustate

234 4709 421 4763 corrosae
461 4707 533 4761 seu
570 4680 760 4764 sordibus
790 4681 994 4763 obductae
1024 4683 1116 4782 sint,
1156 4683 1371 4789 aptissimo
1410 4684 1537 4765 modo
1567 4696 1725 4767 restau-

233 4824 382 4912 rentur,
412 4814 480 4895 vel
509 4813 543 4894 si
573 4816 787 4909 restaurari
818 4827 1035 4923 nequeant,
1071 4815 1306 4897 auferantur
1336 4817 1597 4898 convenienti
1625 4816 1720 4900 loco

232 4947 480 5060 reponenda.

351 5096 572 5207 Quumque
603 5096 849 5181 Sanctorum
877 5099 1090 5209 imagines,
1130 5099 1164 5179 si
1204 5100 1279 5179 rite
1308 5098 1458 5206 pieque
1487 5097 1622 5208 pictae
1651 5107 1725 5178 aut
