3960 5956
1623 349 1717 433 xv¹

222 552 266 652 1)
291 549 512 636 1111111111
538 547 774 632 Offlaialinm
800 545 1026 754 Synoqiitqb
1053 548 1372 632 Eminentissino
1398 547 1657 672 histropolita
1750 655 1752 658 ⁴

669 719 672 725 ·
894 692 914 754 1
1006 734 1013 754 ,

594 872 630 938 a)
649 869 794 926 omer·
811 870 1006 944 micum
1025 870 1300 941 synodalium.

297 1004 435 1071 Etiamsi
451 1005 600 1090 judicmu
623 1003 835 1089 synodalium,
858 1007 913 1090 qui
935 1003 1019 1068 alias·
1037 1005 1162 1088 judices
1182 1004 1385 1089 querelarum
1400 1013 1433 1069 et
1447 1008 1690 1070 excusationum

199 1114 411 1202 appellantur,
430 1116 568 1199 primum
591 1133 630 1176 ac
652 1115 851 1198 potissimum
868 1134 993 1195 munus,
1016 1113 1199 1198 excipiendi
1215 1110 1366 1176 videlicet
1381 1115 1413 1175 in
1428 1112 1558 1198 Synodo
1574 1132 1690 1178 causas

198 1224 386 1289 criminosas
408 1229 441 1284 11
462 1219 535 1285 lites
556 1220 678 1303 civiles,
701 1230 798 1306 atque
814 1224 985 1286 summaria
1007 1224 1166 1285 sententia
1183 1220 1222 1284 de
1237 1220 1382 1306 utrisque
1392 1219 1572 1305 judicandi,
1595 1221 1690 1287 hodie

198 1333 320 1417 passim
343 1331 580 1414 conquieverit:
601 1351 664 1392 non
687 1328 807 1393 idcirco
830 1338 946 1409 tamen,
969 1338 1064 1414 prout
1085 1328 1251 1394 verissime
1273 1337 1363 1393 notat
1384 1328 1580 1393 Benedictus
1599 1329 1690 1415 Papa

200 1436 302 1519 XIV,
321 1436 668 1529 eorumdsmjudicum
684 1436 798 1500 electio
813 1435 976 1501 censenda
990 1446 1040 1499 est
1055 1439 1232 1523 superflum
1255 1445 1321 1501 111111·
1336 1439 1413 1522 quia
1427 1435 1533 1501 adhuc
1548 1446 1689 1522 possent,

199 1547 226 1609 si
248 1546 302 1631 qui
313 1543 442 1627 vellent,
465 1547 653 1609 constitutos
675 1544 765 1608 adire
781 1544 912 1628 judices
930 1543 1116 1628 synodales,
1139 1566 1313 1631 somnique
1323 1544 1448 1628 jndicio
1464 1547 1689 1629 acquiescere3
1768 1586 1774 1595 κ

199 1661 266 1717 tum
288 1654 365 1738 quia
386 1652 428 1716 ad
450 1651 580 1716 eosdem
599 1652 728 1735 judices
751 1655 897 1737 pertinet.
920 1652 991 1718 aliis
1013 1655 1145 1738 iusuper
1166 1653 1208 1716 ad
1231 1652 1400 1716 utilitatem
1427 1650 1548 1737 Synodi
1571 1663 1689 1716 vacare
1752 1697 1756 1705 -

199 1759 323 1841 officiis,
356 1781 439 1845 quae
462 1762 662 1845 potissimum
685 1759 726 1823 ad
749 1763 915 1845 sequentia
937 1762 1082 1826 redeunt.
1091 1761 1124 1844 ²⁸¹)

300 1869 328 1931 1.
350 1867 502 1932 Judicum
525 1869 594 1949 erit,
617 1884 849 1951 recognoscere
868 1866 978 1932 literas
1001 1869 1258 1951 Procuratorum,
1280 1878 1312 1932 et
1332 1889 1487 1954 quaerere
1504 1868 1544 1932 de
1559 1867 1690 1932 Petrum

200 1975 361 2060 mandato,
384 1977 477 2063 cnjus
499 1983 609 2040 tenore
632 1974 771 2059 theologi
794 1974 836 2039 ad
858 1974 1024 2061 Synodum
1047 1974 1250 2063 praesentem
1274 1978 1379 2053 vocati
1401 1984 1485 2040 sunt.

298 2085 328 2148 2.
356 2082 596 2148 Examinabunt
623 2087 848 2148 excusationes
874 2094 941 2149 tum
969 2109 1094 2170 eorum,
1128 2090 1196 2174 qui'
1216 2086 1257 2150 ad
1285 2086 1451 2172 Synodum
1483 2088 1543 2155 rite
1574 2088 1691 2168 vocati,

195 2195 284 2275 justo
306 2200 414 2256 tamen
435 2191 664 2278 impedimento
686 2192 807 2256 detenti
828 2215 892 2258 non
913 2205 1169 2283 comparuerunt,
1192 2204 1259 2259 tum
1282 2194 1418 2275 illorum,
1440 2196 1496 2280 qui
1522 2194 1691 2259 eveniente

201 2298 266 2364 fors
289 2320 367 2364 casu
389 2302 591 2364 necessitatis
613 2298 721 2364 libello
744 2299 880 2386 supplici
902 2303 945 2367 ad
968 2302 1153 2367 Praesidem
1182 2304 1283 2388 ,hujus
1310 2301 1431 2366 Judicii
1458 2300 1576 2386 scripto
1603 2294 1690 2365 deie-

201 2406 299 2472 11111
322 2404 565 2492 postulaverint,
587 2416 623 2470 ut
644 2407 774 2497 Synodo
793 2409 934 2473 nondum
956 2410 1046 2475 linita
1068 2413 1099 2474 iu
1128 2409 1266 2474 Domino
1294 2409 1502 2474 dimittantur.
1545 2409 1691 2496 Accepta

202 2513 391 2581 discedendi
416 2517 512 2591 venia
539 2519 705 2581 materiam
733 2517 868 2591 Concilii
894 2520 981 2603 typis
1009 2521 1177 2605 scriptam,
1210 2540 1293 2605 quae
1326 2515 1461 2601 singulis
1492 2514 1691 2598 tradebatur,

202 2623 347 2689 Praesidi
368 2621 490 2688 Judicii
513 2625 691 2691 restituent

271 2747 273 2751 ·
299 2730 329 2793 3.
373 2727 481 2810 Quum
509 2738 613 2793 stante
642 2730 770 2795 decreto
799 2730 838 2797 de
866 2730 1063 2817 praejudicio
1095 2755 1157 2796 non
1185 2730 1351 2796 afferendo
1383 2729 1517 2816 provide
1551 2728 1693 2815 alioquin

202 2846 332 2902 cautrrm
359 2840 415 2918 sit,
442 2838 582 2923 nequid
612 2837 651 2902 de
678 2840 859 2925 cujuspiam
883 2841 957 2923 jure
991 2839 1042 2904 vel
1068 2842 1248 2924 majoritate
1271 2837 1474 2903 detrahatur:
1501 2836 1693 2902 confidimus

202 2948 235 3010 in
258 2945 412 3026 Domino,
440 2945 507 3009 lore
536 2955 571 3008 ut
603 2945 752 3031 querelae
776 2946 908 3031 dejure
931 2950 1132 3032 praesentiae
1154 2947 1205 3012 vel
1227 2945 1475 3033 praecedentiae
1497 2945 1604 3010 nullae
1627 2964 1692 3036 mo·
1819 2958 1822 2963 ’

203 3061 348 3118 veantur.
391 3051 516 3133 Quodsi
549 3061 656 3116 tamen
689 3054 873 3139 hujusmodi
911 3057 1056 3140 quaestio
1093 3060 1288 3137 moveretur,
1322 3056 1441 3139 scripto
1475 3061 1617 3119 ceterum
1650 3053 1693 3116 ad

203 3160 389 3225 Praesident
421 3160 542 3224 Judicii
576 3160 764 3226 deferenda:
792 3161 938 3246 ejusdem
966 3161 1087 3225 Judieii
1116 3165 1190 3242 erit,
1219 3161 1348 3227 obortas
1370 3159 1578 3225 difficultates
1600 3159 1692 3224 brevi

205 3278 316 3350 ma‘nu,
338 3275 433 3354 prout
459 3267 654 3347 Benedictus
675 3267 767 3334 XIV.
790 3273 844 3353 ait,
866 3289 1066 3354 componere.
1090 3269 1141 3331 De
1164 3277 1291 3333 caetero
1314 3271 1418 3333 sciant
1440 3287 1550 3333 omnes
1575 3275 1608 3331 11
1630 3269 1693 3331 sin·

205 3376 273 3462 gnll
300 3376 342 3441 a'd
368 3375 533 3462 Synodnm
561 3356 682 3458 vocali,
710 3376 793 3462 quod
817 3376 860 3440 ad
882 3377 985 3440 lorum
1007 3375 1142 3440 Consilii
1165 3384 1299 3462 spectet,
1322 3375 1362 3442 de
1384 3374 1613 3461 praecedentia
1635 3395 1693 3440 ssu

205 3486 384 3568 majoritate
407 3486 440 3548 in
462 3482 592 3569 Synodo
616 3480 775 3566 habenda,
798 3487 883 3548 omni
905 3506 1037 3548 recursu
1060 3505 1191 3569 prorsus
1212 3485 1360 3563 rescisso,
1382 3485 1599 3569 pronuntiare.
1662 3497 1665 3501 ’

285 3593 315 3656 4.
358 3590 514 3655 Volumus
535 3591 666 3656 tandem
688 3598 721 3654 et
742 3592 933 3657 mandamns
954 3591 1065 3655 electis
1081 3589 1259 3677 judicibus,
1290 3598 1327 3655 ut
1353 3599 1507 3676 quantum
1533 3596 1693 3674 poterunt,

207 3697 327 3764 decreti
350 3698 390 3763 de
413 3699 572 3763 servando
602 3706 725 3764 secreto
748 3698 863 3782 vigiles
885 3699 1036 3764 custodes
1058 3701 1130 3781 sint,
1152 3706 1186 3762 et
1205 3697 1351 3764 vindices
1373 3698 1515 3762 discreti.

226 3854 229 3858 Α
305 3805 335 3870 5.
357 3806 543 3871 ‘Praesidio
568 3808 629 3870 erit
657 3828 794 3889 curare,
813 3815 848 3870 ut
873 3815 946 3871 acta
971 3806 1092 3871 Judicii
1118 3807 1151 3869 in
1178 3804 1332 3891 peculiari
1359 3809 1579 3886 instrumento,
1607 3792 1692 3891 quod

203 3912 411 3998 protocollum
440 3913 503 3978 dici
533 3912 627 3995 solet,
655 3916 898 3999 consignentur,
926 3921 959 3976 et
984 3913 1073 3976 finita
1095 3913 1226 3998 Synodo
1253 3912 1365 3976 relatio
1395 3911 1435 3976 de
1457 3914 1538 3979 actis
1560 3911 1693 3977 Archis-

204 4021 337 4106 piscopo
359 4018 582 4107 Metropolitae
604 4020 805 4104 exhibeatur.
1777 4006 1780 4011 ¹

596 4201 634 4267 b)
652 4198 799 4255 emata
816 4200 1103 4256 monetarum
1121 4198 1309 4257 constiti.
1371 4158 1375 4165 Ι
1402 4288 1405 4294 ¹

303 4350 537 4432 Promotorum,
566 4371 647 4436 quos
673 4373 731 4441 pro
758 4352 921 4437 praesenti
952 4349 1094 4416 Conciho
1125 4351 1315 4416 Provinciae
1349 4351 1429 4416 duos
1461 4350 1694 4430 constituimus,

204 4459 430 4543 gravissimum
452 4478 568 4522 munus
589 4461 702 4544 paucis
718 4455 826 4522 verbis
845 4461 996 4544 exposuit
1009 4458 1204 4524 Benedictus
1220 4459 1309 4546 Papa
1324 4458 1426 4541 XIV,
1448 4457 1568 4522 docens
1583 4477 1693 4520 eorum

204 4587 291 4650 esse,
313 4586 430 4651 urgere
452 4567 595 4631 actiones
622 4564 810 4652 synodales,
838 4587 896 4629 seu
922 4567 1080 4649 insistere,
1106 4574 1142 4631 ut
1163 4569 1278 4650 omnia,
1301 4587 1385 4652 quae
1406 4567 1440 4630 in
1461 4562 1592 4650 Synodo
1615 4562 1692 4627 laci·

204 4671 289 4737 enda
317 4681 405 4754 suut,
431 4671 578 4737 celeriter
606 4681 638 4735 11
666 4673 828 4738 fructuose
854 4671 1069 4757 perficiantur.
1114 4672 1151 4737 ln
1178 4676 1287 4759 speeie
1310 4672 1350 4737 de
1372 4693 1482 4754 eorum
1505 4670 1621 4737 officiis
1644 4689 1693 4734 se·

204 4782 336 4866 quentia
356 4780 555 4844 ordinamus:
618 4768 621 4772 Α
694 4767 697 4774 ’

306 4887 334 4951 1.
357 4887 576 4951 Promotorum
591 4891 661 4970 erit,
677 4885 785 4952 debito
800 4886 895 4951 modo
909 4888 1041 4970 instare,
1063 4895 1098 4951 ut
1109 4892 1244 4954 materia
1259 4891 1290 4952 in
1306 4886 1618 4974 congregationibus
1638 4907 1694 4971 ge·

205 4992 367 5060 neralibus
389 5001 422 5057 11
443 4992 648 5060 sessionibus
668 4994 808 5081 publicis
829 5003 1007 5083 'opportuno
1030 5003 1174 5081 tempore
1194 5004 1308 5081 parata
1330 5004 1362 5059 et
1382 4993 1465 5060 bene
1480 4994 1627 5059 ordinata
1642 4994 1694 5056 sit.

226 5187 267 5253 .·)
283 5184 378 5239 snas
395 5185 464 5238 xiv.
481 5185 512 5236 a·
528 5185 589 5251 syn.
605 5185 683 5238 aaa.
700 5185 743 5237 us.
759 5185 805 5237 rv.
822 5197 877 5253 ap.
896 5186 919 5234 2.
