3960 5956
1629 349 1670 441 99

74 602 77 607 ·
179 558 368 657 agantur.
429 544 676 629 Animarum
704 559 891 657 pastores
927 557 1066 640 autem
1105 549 1149 630 in
1171 545 1362 631 Domino
1392 549 1668 651 exhortamur,

179 688 226 760 ut
254 676 455 777 fidelibus,
496 705 580 787 quo
610 680 842 763 uberiorem
876 680 973 763 inde
1004 680 1184 763 fructum
1212 682 1438 789 acquirant,
1468 684 1670 767 rationem

179 822 220 894 et
267 821 526 893 momentum
575 812 831 923 singularum
867 814 1179 923 processionum
1227 814 1397 898 solerter
1445 827 1667 923 exponant,

179 945 320 1027 omnia
348 943 403 1027 ad
433 944 620 1026 ordinem
649 973 699 1027 ac
728 946 921 1030 decorem
948 947 1131 1056 religiosi
1153 947 1277 1056 hujus
1307 946 1496 1056 obsequii
1524 977 1668 1033 neces-

178 1079 285 1161 saria
314 1087 547 1186 opportune
567 1090 822 1187 praeparent,
852 1108 994 1188 preces
1019 1090 1061 1162 et
1079 1080 1260 1186 hymnos
1279 1082 1534 1189 processioni
1563 1109 1666 1165 con-

177 1238 304 1325 gruos
333 1211 415 1320 ipsi
444 1210 727 1312 determinent,
758 1223 800 1294 et
828 1214 996 1322 proprio
1026 1211 1206 1312 tandem,
1232 1215 1361 1296 sacris
1380 1214 1572 1321 precibus
1601 1215 1667 1297 in-

179 1345 293 1443 tenti,
324 1343 556 1426 devotionis
577 1346 767 1454 exemplo
796 1345 1072 1454 praeluceant
1154 1420 1156 1425 .

295 1545 333 1623 2.
356 1541 552 1625 Similiter
580 1544 931 1654 peregrinationes
961 1571 1098 1626 sacras
1119 1572 1193 1625 ceu
1214 1553 1453 1654 pergratum
1473 1543 1613 1627 devoti
1621 1575 1669 1626 0-

135 1684 140 1689 ’
180 1675 245 1758 nis
264 1675 493 1757 catholicae
512 1677 750 1758 exercitium
776 1686 817 1757 et
836 1677 1113 1784 poenitentiae
1133 1676 1439 1775 documentum,
1460 1673 1669 1760 Ecclesiae

178 1806 375 1917 suffragio
404 1807 637 1916 probatum,
669 1836 930 1917 summopere
960 1807 1189 1908 laudamus,
1224 1807 1443 1917 Deumque
1473 1808 1669 1918 depreca-

178 1964 282 2039 mur,
320 1949 366 2021 ut
394 1938 489 2067 Ipse
519 1941 868 2051 peregrinantium
899 1940 1012 2023 viam
1040 1941 1291 2023 famulorum
1320 1970 1489 2024 suorum
1528 1941 1572 2022 in
1602 1969 1669 2024 sa-

179 2071 276 2154 lutis
305 2075 575 2181 prosperitate
606 2074 825 2183 disponere
855 2074 1059 2185 dignetur.

295 2203 486 2288 Pastores
515 2208 748 2288 animarum
786 2208 828 2288 in
859 2209 1027 2289 nomine
1062 2207 1233 2289 Domini
1262 2234 1469 2317 rogamus,
1510 2219 1556 2287 ut
1593 2235 1669 2316 pro

180 2335 441 2445 parochianis
477 2366 743 2420 communem
772 2341 1147 2450 peregrinationem
1184 2340 1435 2448 suscepturis
1475 2338 1670 2420 Hostiam

180 2468 424 2579 placationis
454 2470 682 2572 offerentes,
723 2473 758 2553 si
797 2501 870 2581 per
904 2472 1088 2554 rubricas
1127 2472 1296 2571 licuerit,
1337 2473 1471 2580 ipsam
1499 2472 1692 2554 Missam·

180 2604 363 2685 votivam
398 2632 498 2712 ,pro
528 2603 910 2714 peregrinantibus“
945 2605 1162 2719 celebrent,
1198 2604 1265 2686 vel
1294 2603 1440 2686 saltem
1470 2605 1514 2685 in
1543 2602 1671 2685 Missa

181 2733 261 2817 diei
291 2733 520 2818 Collectam
551 2728 626 2845 pro
648 2736 794 2820 iisdem
814 2736 981 2839 addant,
1012 2750 1108 2846 post
1134 2737 1307 2820 Missam
1325 2764 1424 2817 vero
1446 2737 1670 2845 praemissa

180 2893 365 2980 congrua
408 2870 694 2953 exhortatione
734 2869 977 2979 profecturis
1017 2898 1068 2953 ex
1106 2871 1359 2979 praescripto
1390 2869 1566 2951 Ritualis
1594 2868 1669 2950 be·

180 3002 383 3084 nedicant.
403 2998 435 3082 1)
471 3001 644 3112 Optaret
673 3003 841 3112 quidem
871 3003 974 3084 haec
1004 3002 1210 3110 Synodus,
1242 3013 1288 3084 ut
1317 3030 1456 3084 sacrae
1487 3003 1669 3112 peregri·
1733 3068 1735 3072 2

180 3135 359 3249 nationis
387 3135 536 3217 ducem
557 3148 686 3219 semet
706 3137 902 3244 praebeat
920 3136 1144 3246 parochus,
1175 3135 1331 3217 aliusve
1352 3133 1554 3235 sacerdos,
1585 3164 1669 3243 quo

181 3269 329 3350 certius
358 3268 478 3350 facile
508 3269 731 3376 irrepentes
761 3269 915 3352 abusus
945 3270 989 3349 in
1018 3270 1203 3379 germine
1234 3267 1496 3365 suffocentur,
1526 3287 1567 3348 et
1596 3297 1670 3376 pe-

180 3400 477 3511 regrinantium
515 3401 682 3483 devotio
722 3404 948 3512 aptissimis
986 3403 1185 3513 dirigatur
1223 3412 1265 3484 et
1300 3412 1501 3511 augeatur
1540 3404 1669 3511 patris

180 3533 401 3643 spiritualis
430 3534 611 3618 consiliis
641 3546 765 3644 atque
794 3535 966 3617 auxiliis.
1004 3535 1128 3635 Quod
1159 3535 1193 3616 si
1222 3534 1309 3615 fieri
1338 3534 1449 3615 haud
1479 3536 1669 3642 potuerit,

180 3665 412 3748 animarum
451 3678 636 3775 pastores
676 3668 824 3750 ducem
863 3697 913 3749 ac
950 3678 1128 3750 tutorem
1158 3645 1514 3777 peregrinantibus
1553 3650 1669 3748 com-

180 3798 376 3880 mendent
404 3801 539 3902 virum
559 3802 725 3883 nonnisi
745 3830 926 3911 gravem,
957 3803 1108 3911 pietate
1138 3810 1180 3882 et
1198 3800 1416 3910 prudentia
1436 3799 1669 3908 probatum,

181 3957 305 4038 quem
334 3932 386 4014 de
416 3935 637 4015 commisso
668 3933 747 4015 sibi
773 3933 910 4015 officio
940 3933 1203 4043 providenter
1229 3933 1443 4015 'edoceant
1475 3928 1670 4013 Ceterum

180 4090 347 4146 omnem
378 4065 598 4146 itinerandi
637 4067 839 4147 rationem
878 4067 959 4174 ipsi
994 4066 1259 4174 disponentes
1299 4065 1480 4146 maxima
1517 4064 1669 4146 sollici-

181 4194 324 4277 tudine
363 4225 606 4306 praecavere
646 4198 849 4298 studeant,
889 4228 942 4280 ne
980 4227 1123 4308 preces
1163 4210 1204 4280 et
1243 4198 1455 4279 cantiones
1493 4199 1669 4306 ineptae,

181 4335 288 4437 q'uae
308 4330 514 4413 interdum
535 4331 588 4412 ab
609 4332 766 4413 inscitie
786 4331 1119 4440 praecentoribus
1138 4331 1315 4440 proponi
1343 4329 1487 4428 solent,
1513 4330 1670 4412 aliaeve

179 4489 245 4544 res
264 4461 599 4545 inconvenientes
629 4473 816 4574 agantur,
847 4464 997 4572 quibus
1017 4463 1201 4545 fidelium
1229 4464 1361 4572 pietas
1390 4463 1459 4543 vix
1484 4474 1668 4573 augetur,

180 4593 383 4703 impietati
402 4624 499 4677 vero
520 4596 848 4680 adversariorum
867 4625 978 4678 nova
995 4596 1274 4679 calmnniandi
1295 4623 1419 4706 causa
1437 4595 1668 4704 praebetur.

297 4726 380 4811 Sed
415 4739 456 4810 et
484 4729 693 4839 praesules
724 4729 999 4830 ecclesiarum,
1039 4730 1094 4810 ad
1134 4757 1236 4838 quas
1265 4727 1407 4810 fideles
1436 4728 1669 4811 devotionis

181 4887 307 4942 causa
335 4862 588 4969 frequentius
618 4861 842 4961 confluunt,
873 4863 1057 4972 impense
1088 4890 1293 4971 rogamus,
1326 4871 1373 4941 ut
1401 4862 1669 4971 peregrinan-

182 5081 380 5092 *-

231 5163 252 5248 ¹)
274 5165 441 5230 Benedict.
462 5169 624 5251 peregrin.
