3960 5956
153 327 405 441 'mv'

267 595 370 659 usque
402 573 591 658 adjumento
625 582 718 639 erunt
748 573 791 638 ad
822 575 960 659 gratiam
981 572 1219 664 accipiendam,
1254 581 1420 659 acceptam
1441 573 1706 659 mammeam,
1728 596 1767 639 ac
1868 607 1871 614 ·

266 681 425 765 perditam
445 682 713 767 recuperandam.
757 681 905 747 Aedibus
926 682 997 746 Deo
1021 683 1122 746 sacris
1143 680 1278 767 provide
1300 678 1480 746 consultum
1509 683 1585 764 erit,
1617 681 1766 746 refectio·

269 788 365 852 nibus
387 799 461 875 apte
483 811 521 854 ac
535 774 577 853 'in
598 799 741 876 tempore
764 792 940 876 susceptis,
974 811 1074 880 sacra⁴
1089 787 1286 874 supellectile
1308 791 1448 874 provisa,
1472 796 1504 853 et
1525 788 1673 854 omnibus
1695 788 1767 853 aliis

266 896 516 961 necessitatibus
538 900 703 983 reparatis.
747 898 845 962 Sacra
867 896 1063 979 hierarchia,
1096 895 1279 961 admirabili
1312 897 1470 982 sapientia
1500 895 1645 961 ordinata
1666 906 1699 960 et
1720 897 1766 960 di-

267 1006 392 1087 stincta,
415 1015 541 1070 rectum
562 1015 771 1091 sanctumque
793 1007 841 1069 rei
863 1005 1056 1069 christianae
1083 1006 1231 1089 regimen·
1250 1005 1296 1068 ita
1318 1003 1460 1069 servabit
1480 1011 1576 1089 atque
1599 1003 1767 1088 custodiet,

266 1120 301 1173 ut
323 1110 436 1174 eadem
458 1110 630 1176 coelestem
651 1113 873 1194 hierarchiam,
902 1121 1055 1197 quantum
1076 1111 1175 1176 rebus
1200 1110 1276 1175 licet
1297 1112 1454 1194 humanis,
1476 1113 1592 1174 imitari
1615 1111 1767 1198 quodam·

269 1218 362 1281 modo
389 1219 546 1282 videatur.
591 1218 679 1304 Ordo
705 1218 929 1304 Regularium,
952 1219 1038 1282 unde
1067 1227 1132 1283 tam
1161 1221 1276 1302 ingens
1305 1220 1339 1281 in
1360 1215 1508 1281 Ecclesia
1529 1218 1593 1281 Dei
1616 1217 1769 1303 splendor

269 1346 307 1388 ac
328 1309 448 1390 utilitas
471 1326 622 1410 dimanat,
644 1327 835 1412 adjutricem
857 1324 952 1391 Clero
985 1325 1144 1391 saeculari
1175 1328 1209 1390 in
1230 1324 1433 1411 procuranda
1451 1314 1643 1389 -anlmarum
1665 1324 1767 1390 salute

273 1430 509 1516 diligentiorem
531 1437 563 1497 in
586 1434 656 1497 dies
677 1433 809 1499 navabit
829 1455 969 1520 operam.
1012 1434 1162 1520 Denique
1185 1432 1270 1498 bona
1299 1432 1530 1513 ecclesiastica,
1563 1454 1645 1518 quae
1667 1431 1768 1496 cultui

271 1538 381 1603 divino
404 1540 542 1606 fovendo
564 1551 596 1605 et
617 1541 785 1606 Ecclesiae
808 1525 962 1607 ministris
984 1543 1113 1606 tuendis
1134 1543 1319 1608 necessaria
1341 1550 1424 1622 sunt,
1446 1523 1601 1626 'apprime
1635 1561 1767 1625 respon-

270 1647 376 1712 deant.
421 1649 544 1713 Horum
565 1648 708 1733 profecto
730 1647 886 1713 bonorum
908 1630 1031 1714 fructus
1051 1651 1165 1713 merito
1198 1647 1260 1712 sibi
1293 1670 1336 1711 ex
1357 1649 1419 1712 hac
1440 1648 1558 1711 Vestra
1579 1646 1768 1733 provinciali

269 1755 402 1842 Synodo
431 1756 629 1841 adpromittit
661 1755 890 1820 Sanctissimus
919 1757 1078 1821 Dominus
1106 1756 1225 1821 Noster
1248 1759 1286 1820 'et
1306 1754 1406 1821 Sacra
1426 1755 1508 1820 haec
1530 1752 1768 1841 Congregatio;

240 1883 244 1890 ·
271 1886 367 1950 quam
389 1862 520 1949 quidem
542 1885 640 1949 spem·
655 1871 690 1927 ut
710 1866 889 1949 promptius
911 1873 943 1928 et
964 1863 1096 1929 uberius
1118 1863 1288 1949 impleatis,
1318 1861 1398 1926 illud
1418 1871 1532 1946 restat,
1566 1870 1602 1926 ut
1623 1871 1769 1948 speratas
1850 1856 1853 1862 ’

271 1971 457 2055 hujusmodi
478 1969 632 2034 utilitates
654 1973 687 2034 in
708 1971 852 2050 Vestras⁴
866 1971 1032 2037 dioeceses
1054 1972 1186 2037 effluere
1214 1973 1332 2042 curctis
1361 1970 1489 2063 indicta
1510 1972 1613 2056 primo
1640 1991 1768 2057 quoque

265 2091 412 2166 tempore
435 2100 455 2141 a
475 2077 579 2143 Vobis
602 2077 737 2163 singulis
754 2078 946 2143 dioecesana
966 2079 1108 2165 Synodo,
1130 2082 1183 2144 cui
1204 2101 1247 2144 ex
1262 2086 1392 2166 peraeto
1415 2077 1605 2164 provinciali
1625 2075 1768 2154 Concilio

218 2196 221 2201 '
268 2187 393 2273 planior
414 2196 447 2250 et
467 2184 591 2249 facilior
618 2194 716 2249 strata
743 2189 860 2273 cuique
882 2187 1036 2252 Vestrum
1056 2197 1107 2252 est
1127 2190 1190 2253 via
1232 2188 1283 2251 lta
1303 2189 1390 2250 enim
1412 2173 1614 2251 Sanctissimi
1635 2185 1769 2250 Domini

267 2295 376 2360 Nostri
404 2296 599 2378 auctoritati,
630 2316 670 2358 ac
698 2294 829 2359 Patrum
857 2294 1190 2362 Eminentissimorum
1218 2304 1293 2361 voto
1326 2293 1486 2360 cumulate
1515 2296 1592 2359 satis
1613 2315 1673 2379 per
1693 2292 1762 2358 Vos

270 2403 390 2468 lactum
412 2424 470 2487 pro
493 2412 579 2466 certo
606 2400 725 2466 habere
747 2405 902 2488 poteritis.
1129 2389 1132 2394 ¹

368 2510 520 2574 Ceterum
554 2531 636 2595 quae
669 2532 772 2596 pauca
803 2511 1060 2575 'Eminentissimi
1094 2510 1208 2574 Patres
1243 2509 1543 2575 animadvertenda
1562 2517 1757 2574 censuerunt

269 2617 406 2683 habebis
428 2640 470 2680 ex
491 2617 629 2703 pagella,
652 2641 748 2704 quam
769 2640 834 2682 una
856 2640 929 2683 cum
950 2618 1040 2681 hisce
1062 2617 1164 2682 literis
1185 2620 1336 2703 accipies.

367 2725 459 2789 Haec
480 2723 579 2789 habui
600 2708 728 2790 nomine
750 2725 868 2790 Sacrae
890 2724 1174 2810 congregationis,
1207 2746 1268 2810 ego
1290 2747 1367 2790 vero
1390 2720 1575 2809 singulatim
1596 2713 1759 2809 impensos

269 2835 497 2897 aestimationis
519 2841 552 2897 et
573 2831 797 2898 observantiae
825 2855 915 2898 meae
945 2854 1059 2898 sensus
1088 2855 1130 2897 ex
1151 2835 1257 2898 animo
1286 2840 1418 2897 testatos
1439 2829 1536 2896 velim
1558 2829 1760 2894 Eminentiae

269 2941 369 3023 Tuae,
393 2944 445 3005 cui
466 2964 579 3005 manus
601 2941 777 3021 humillime
800 2941 977 3011 deosculor.

226 3133 230 3139 '
354 3123 475 3188 Romae
500 3123 548 3188 12.
571 3124 712 3222 Augusti
740 3124 830 3189 1862.

1114 3254 1315 3320 Eminentiae
1338 3257 1428 3332 Tuae

955 3412 1152 3477 humillimus
1174 3421 1206 3477 et
1227 3411 1467 3478 addictissimus
1488 3410 1628 3476 famulus

871 3521 1049 3606 Prospcrus
1071 3517 1452 3586 Cardinalis’Oaterini
1473 3519 1671 3584 Praefectus.

804 3653 919 3718 Petrus
941 3654 1216 3740 Archiepiscopus
1238 3653 1458 3719 Sardianus
1480 3651 1768 3718 Pro-Secretsrius.

276 3907 538 3973 Faninentissimo
560 3904 724 3972 Cardinali
745 3907 1001 3994 Archiepiscopo
1025 3908 1192 3994 Pragensi.
