3960 5956
645 504 830 568 Decretum
850 504 893 566 de
912 504 1061 568 finimds
1080 504 1227 580 synodo.

295 682 496 756 Fridcricae,
518 680 551 745 S.
573 681 617 744 M.
640 680 679 745 E.
702 679 884 746 Cardinalis
908 681 1193 767 Schwaraenberg,
1223 681 1390 746 Ecclesiae
1427 681 1695 769 metropolitanae

199 785 372 872 Pragensis
394 787 677 874 Arcbiepiscopus.

230 902 254 969 ⁴,
296 895 388 960 Actis
410 902 443 959 et
463 893 619 959 absolutis
641 893 788 960 omnibus
800 904 833 960 et
855 896 999 982 singulis,
1022 879 1106 983 quae
1120 903 1215 980 prout
1230 880 1361 980 spiritus
1376 898 1549 982 suggessit,
1565 899 1694 982 agenda
1733 911 1735 916 ’

201 1008 235 1065 et
256 990 462 1067 decernenda
492 1000 690 1067 uldebantur
720 1005 754 1067 in
776 1004 928 1086 Domino,
961 1012 998 1067 ut
1018 1003 1100 1069 fides
1122 1002 1315 1085 orthodoxa,
1345 1007 1449 1089 pietas
1471 1004 1696 1092 etdisciplina

202 1109 424 1174 ecclesiastica
445 1112 479 1174 in
501 1107 594 1174 Clero
615 1118 648 1174 et
669 1110 786 1197 populo
809 1110 904 1195 hujus
926 1111 1063 1176 Nostrae
1090 1111 1276 1197 provinciae
1298 1109 1369 1174 Deo
1391 1110 1547 1197 largiente
1570 1133 1698 1177 conser-
1787 1187 1792 1196 ι
1828 1136 1839 1147 ·

200 1225 295 1281 vetur
316 1224 350 1280 et
370 1225 540 1301 augescat:
573 1217 767 1281 humillimas
788 1218 860 1282 Deo
883 1220 1101 1304 omnipotenti,
1134 1221 1189 1305 qui
1211 1219 1354 1282 actiones
1375 1227 1501 1283 nostras
1524 1220 1696 1306 aspirando
1745 1250 1771 1291 ,-

200 1327 391 1409 praevenire
411 1333 446 1389 et
474 1325 659 1409 adjuvando
691 1328 842 1411 prosequi
875 1325 1026 1410 dignatus
1059 1332 1124 1407 est,
1149 1327 1270 1409 gratias
1303 1324 1476 1389 reddentes
1508 1326 1697 1411 provinciali

201 1433 276 1498 huic
291 1431 433 1498 Concilio
456 1432 497 1497 de
519 1431 651 1499 consilio
672 1441 705 1497 et
726 1454 862 1499 assensu
876 1433 1230 1508 Reverendissimorum
1245 1432 1448 1498 Consratrum
1463 1432 1696 1519 Episcoporum

124 1571 126 1576 ¹
200 1539 300 1604 finem
320 1540 548 1627 imponendum
570 1563 758 1625 censemus,
791 1553 824 1608 et
845 1546 1027 1630 impositum
1049 1543 1156 1629 palam
1179 1542 1421 1623 denuntiamus,
1454 1541 1590 1627 ideoque
1623 1564 1697 1606 con·

201 1655 370 1742 gregalem
391 1647 558 1734 Synodum
579 1649 767 1715 dimittimus
788 1653 822 1714 in
843 1653 971 1715 nomine
992 1650 1098 1716 Patris
1119 1659 1152 1714 et
1173 1650 1247 1714 Filii
1268 1658 1302 1714 et
1322 1649 1460 1735 Spiritus
1482 1647 1602 1714 Sancti.

298 1780 420 1844 Datum
443 1779 614 1847 Dominica
635 1781 744 1848 XVII.
767 1789 840 1867 post
860 1782 992 1847 Pentec.
1015 1783 1067 1847 die
1088 1783 1139 1847 23.
1161 1781 1360 1868 Septembris
1384 1781 1474 1845 1860.

574 2035 759 2097 Decretum
777 2033 975 2097 mmeuonie
995 2032 1144 2111 proximi
1165 2033 1317 2097 concilii.

300 2211 500 2287 mustea
535 2212 569 2277 S.
591 2212 629 2276 R.
650 2211 689 2276 E.
711 2211 894 2279 Cardinalis
921 2210 1206 2296 Schwaraenberg,
1238 2210 1406 2276 Ecclesiae
1435 2211 1701 2297 metropolitanae

206 2317 381 2402 Pragensis
403 2317 686 2405 Archiepiscopus.

297 2441 378 2526 laegi
399 2445 544 2527 morique
576 2445 611 2505 in
639 2450 753 2507 sancta
775 2442 838 2506 Dei
866 2442 1014 2507 Ecclesia
1050 2444 1173 2527 vigenti
1211 2450 1277 2508 toto
1309 2443 1405 2508 corde
1426 2444 1612 2507 insistentes
1634 2465 1692 2529 pro

202 2547 307 2614 officio
328 2550 714 2637 metropolitici-muneris
739 2550 846 2615 Nostri
869 2549 1017 2615 omnibus
1050 2557 1083 2613 et
1110 2549 1246 2634 singulis
1268 2549 1321 2614 hic
1343 2548 1567 2635 praesentibus
1589 2559 1700 2615 notum

202 2656 393 2720 facimus-et
414 2656 626 2741 declaramus,
649 2659 830 2743 proximum
850 2657 949 2742 hujus
978 2658 1162 2742 provinciae
1188 2656 1368 2722 Concilium
1389 2656 1499 2742 elapso
1514 2660 1658 2722 triennio
1679 2679 1699 2721 a

203 2760 400 2829 celebranda
421 2767 455 2830 in
475 2787 670 2852 unaquaque
694 2763 843 2859 dioecesi,
866 2772 960 2849 prout
981 2765 1064 2828 sacri
1088 2760 1236 2826 Canones
1257 2770 1384 2847 urgent,
1417 2762 1549 2848 Synodo
1572 2763 1697 2829 dioece-

204 2890 285 2935 sana
315 2873 351 2935 iu
382 2872 444 2937 hac
475 2873 548 2957 ipsa
579 2871 750 2958 Metropoli
781 2879 924 2957 tempore
960 2893 981 2934 a
1001 2868 1103 2935 Nobis
1117 2907 1121 2914 f
1136 2868 1336 2954 designando
1369 2869 1600 2936 celebrandum
1622 2871 1699 2936 fore.

204 2976 487 3066 Deustsepius
509 2979 721 3062 acclamans,
754 2981 809 3065 qui
832 2979 978 3066 dispersa
1011 2985 1202 3063 congregat,
1235 2985 1268 3041 et
1290 2987 1492 3071 congregata
1519 2988 1700 3062 conservat,

204 3083 377 3152 benedicat
398 3086 501 3169 nobis,
523 3095 560 3150 ut
581 3096 676 3173 prout
697 3088 731 3151 in
752 3087 858 3172 hujus,
882 3088 929 3152 sic
951 3089 1048 3151 etiarn
1069 3088 1103 3151 in
1125 3086 1223 3149 futuri
1238 3083 1372 3150 Concilii
1388 3085 1503 3150 diebus
1518 3086 1700 3151 exultemus

204 3201 237 3256 et
257 3191 423 3259 laetemur.
467 3193 531 3258 Per
552 3194 718 3260 Christum
739 3194 912 3258 Dominum
934 3194 1096 3259 Nostrum.
1190 3210 1192 3215 ’

302 3302 423 3368 Datum
446 3293 605 3367 Dominio.
628 3302 736 3369 XVII.
758 3310 832 3390 post
855 3302 1070 3368 Pentecosten
1091 3302 1143 3367 die
1165 3301 1216 3365 23.
1238 3300 1437 3388 Septembris
1462 3301 1551 3392 1860.

431 3557 615 3618 messum
634 3556 677 3618 us
697 3515 946 3632 susanpaone
967 3555 1298 3638 arcemarenses
1319 3553 1470 3616 consus.

305 3751 507 3825 Eridericae,
539 3749 572 3815 S.
594 3750 632 3837 R,
654 3749 694 3814 E.
716 3749 893 3836 Presbyter
913 3747 1095 3815 Cardinalis
1117 3747 1403 3834 Schwaraenberg,
1435 3742 1604 3813 Ecclesiae
1633 3771 1698 3813 me·

206 3855 420 3943 tropolitanae
441 3857 616 3942 Pragensis
641 3856 926 3944 Archiepiscopus.

302 3961 382 4028 Cum
404 3963 677 4030 Reverendissimi
699 3964 884 4030 Confratres
906 3964 1059 4050 Episcopi
1081 3968 1114 4030 in
1136 3964 1342 4031 Sessionibus
1364 3964 1513 4051 publicis,
1531 3966 1697 4052 quasDeo

206 4069 382 4135 auxiliante
404 4070 649 4154 celebravimus,
672 4072 820 4136 omnibus
842 4080 875 4136 et
896 4071 1195 4158 singulis'Decretis
1216 4075 1277 4137 rite
1299 4072 1509 4160 promulgatis
1531 4094 1699 4137 assensum

207 4176 431 4263 praebuerint:
453 4177 674 4265 metropolitici
696 4179 806 4244 Nostri
828 4177 925 4243 officii
947 4187 1006 4260 est,
1029 4179 1208 4266 legitimum
1230 4201 1269 4244 ac
1284 4182 1415 4267 propria
1433 4182 1699 4265 manuscriptum

206 4267 322 4370 urgere
344 4287 491 4371 praestiti
513 4285 609 4370 hujus
631 4308 785 4351 assensus
807 4288 1032 4351 testimonium.
1164 4295 1167 4302 '

304 4392 430 4458 Idcirco
457 4393 703 4479 metropolitana
731 4397 921 4460 auctoritate
943 4394 1061 4457 Nostra
1082 4386 1295 4480 provocamus
1317 4394 1448 4459 eosdem
1469 4393 1646 4479 Episcopos
1668 4404 1701 4459 et

205 4499 329 4585 Synodi
350 4500 446 4585 hujus
468 4499 768 4566 Reverendissimos
789 4500 931 4582 Fratres,
961 4509 997 4565 ut
1018 4500 1061 4564 ad
1083 4501 1185 4565 altare
1206 4504 1371 4582 accessuri
1402 4499 1579 4565 Nobiscum
1600 4503 1699 4564 omni·

205 4608 267 4673 bus
288 4617 322 4672 et
343 4607 478 4694 singulis
501 4607 716 4690 subscribant,
740 4629 823 4694 quae
845 4606 970 4671 collatis
1002 4608 1151 4672 fraternis
1183 4608 1324 4693 consiliis
1346 4608 1560 4672 Decrevimus
1581 4610 1616 4672 in
1643 4629 1699 4673 no·

205 4718 291 4780 mine
315 4715 455 4781 Domini.
715 4784 718 4789 ,

297 4821 333 4888 si
355 4822 432 4909 quid
453 4831 561 4887 autem
583 4821 730 4888 obortum
762 4821 859 4886 tuerit
880 4820 1079 4887 difficultatis
1110 4823 1236 4886 inistis
1258 4822 1409 4887 Decretis
1429 4823 1700 4909 interpretandis:

205 4929 389 4995 decernitm
410 4950 453 4993 ex
474 4932 619 4994 unanimi
639 4937 714 4995 voto
736 4928 922 4995 eorumdem
940 4928 1295 5013 Reverendissimorum
1318 4929 1461 5013 Petrum,
1483 4931 1701 4996 authenticam

205 5037 417 5105 Decretorum
440 5038 736 5124 interpretationem
756 5057 860 5122 usque
882 5035 926 5100 sd
946 5038 1130 5122 proximum
1161 5039 1347 5124 provinciae
1381 5036 1561 5104 Concilium
1581 5038 1700 5103 Metro·

146 5208 152 5218 ,
203 5143 324 5231 politae
346 5166 419 5211 esse
441 5143 656 5228 reservatam
678 5144 771 5210 salva
792 5151 901 5209 tamen
922 5143 955 5210 S.
969 5143 1134 5211 Romanae
1150 5143 1318 5210 Ecclesiae
1339 5155 1372 5211 et
1386 5145 1480 5213 Sedis
1495 5145 1701 5233 Apostolicce
