3960 5956
281 269 331 360 42,
409 335 411 339 ,

281 471 449 580 quidem
488 498 573 555 non
603 481 666 553 est
695 470 746 551 de
776 471 857 552 hoc
885 470 1068 574 mund03
1114 480 1179 553 ast
1218 470 1432 552 conditum
1460 471 1504 551 in
1533 470 1691 552 mundo
1721 469 1776 552 ad

281 604 586 713 procurandam
625 603 842 685 hominum
882 603 1058 684 salutem
1096 612 1308 696 aeternam
1352 602 1469 701 adeo,
1514 613 1562 684 ut
1605 602 1658 683 ab
1704 602 1775 685 illo

282 764 416 844 neque
445 735 591 818 Novae
620 736 747 846 Legis
777 734 1073 834 Sacerdotium,
1104 763 1238 842 neque
1269 764 1386 818 sacra
1410 735 1594 817 fidelium
1623 735 1776 844 guber·

68 852 72 860 ¹
152 884 163 912 “
282 869 395 950 natio
425 868 569 950 abesse
590 877 724 977 queat.
757 866 947 975 Cumque
968 867 1154 951 Ecclesia
1174 866 1378 948 catholica
1398 867 1623 975 perfectam
1643 870 1776 950 socie·
1843 948 1852 963 Ι

282 1002 379 1082 tatis
398 1000 575 1082 formam
595 1002 636 1082 vi
657 1001 820 1082 divinae
841 1029 939 1084 suae
959 999 1226 1082 institutionis
1252 994 1493 1082 obtinuerit:
1524 1028 1574 1081 ea
1602 999 1777 1108 proinde

283 1132 471 1215 libertate
501 1134 656 1242 pollere
687 1132 820 1232 debet,
851 1143 1011 1214 utnon
1041 1142 1205 1247 tantum
1233 1134 1276 1213 in
1305 1161 1423 1214 sacro
1454 1159 1529 1215 suo
1550 1132 1776 1215 ministerio

283 1265 387 1351 nulli
416 1266 525 1346 civili
555 1267 751 1374 potestati
790 1264 1011 1375 subjaceat,
1027 1261 1061 1344 2)
1092 1265 1165 1346 sed
1205 1263 1333 1346 libera
1373 1292 1539 1373 quoque
1569 1276 1620 1370 „et
1657 1264 1777 1346 inde·

283 1398 469 1506 pendens
498 1399 552 1481 sit
580 1399 623 1477 in
653 1398 851 1507 regimine
880 1425 1051 1480 suorum
1081 1396 1138 1487 ad
1164 1398 1293 1478 vitam
1323 1407 1544 1479 aeternam.
1587 1394 1777 1480 Christus

283 1530 491 1612 Dominus
520 1532 626 1611 sicut
654 1532 742 1638 ipse
772 1531 922 1612 missus
952 1559 977 1610 a
1006 1528 1128 1643 Patre
1157 1530 1300 1630 fuerat,
1335 1529 1439 1612 alios
1464 1530 1595 1640 elegit
1623 1556 1777 1638 eosque

283 1664 395 1745 misit
423 1662 661 1771 Apostolos,
693 1669 798 1770 quos
828 1663 969 1744 audiat
998 1690 1099 1772 grex
1129 1660 1272 1762 fidelis,
1312 1663 1355 1743 in
1385 1691 1468 1771 quo
1506 1672 1548 1743 et
1583 1661 1778 1771 deinceps

284 1795 460 1904 Spiritus
490 1807 657 1898 sanctus
686 1797 825 1905 posuit
854 1795 1087 1904 Episcopos
1115 1823 1257 1905 regere
1277 1794 1507 1877 Ecclesiam
1536 1794 1628 1875 Dei.
1660 1795 1778 1902 Apo·

285 1930 454 2020 stolicae
494 1930 711 2037 potestatis
750 1938 792 2009 et
830 1928 1029 2010 libertatis
1068 1927 1300 2009 haereditas
1341 1925 1581 2034 Sacerdotio
1612 1927 1778 2027 credita,

285 2062 428 2144 ordine
458 2061 710 2143 hierarchico
742 2061 941 2169 disposito
968 2089 1196 2169 numquam
1217 2058 1391 2141 deficere
1411 2069 1550 2167 potest
1568 2061 1613 2160 in
1632 2059 1779 2143 Eccle-

231 2176 234 2180 ⁸
285 2195 356 2294 sia,
388 2221 494 2302 quae
514 2221 638 2301 super
657 2192 927 2274 fundamento
948 2192 1246 2300 Apostolorum
1267 2191 1484 2274 aedificata
1502 2192 1590 2274 fuit.
1625 2193 1780 2275 Potens

285 2337 425 2408 autern
464 2337 527 2408 est
565 2325 700 2424 Deus,
742 2326 813 2432 qui
852 2325 977 2405 etiam
1016 2323 1205 2433 fragilem
1242 2337 1433 2406 naturam
1469 2325 1697 2407 humanam
1724 2324 1780 2406 ad

285 2459 557 2540 ministerium
586 2458 742 2540 aeterni
772 2458 834 2538 sui
865 2456 1023 2539 consilii
1044 2454 1292 2557 corroboret,
1323 2456 1423 2538 dum
1450 2456 1660 2540 Ecclesiae
1680 2485 1780 2540 suae
1868 2476 1874 2487 '

287 2592 416 2701 spirat
445 2592 807 2700 incorruptionem.
869 2588 914 2672 Si
943 2591 986 2671 in
1016 2618 1066 2670 ea
1095 2589 1297 2672 caducum
1328 2589 1394 2671 vel
1432 2588 1556 2672 labile
1586 2590 1687 2698 quid
1716 2591 1781 2672 in-

285 2726 458 2824 venitur,
499 2723 553 2805 ad
592 2724 819 2822 hominum,
860 2722 1010 2830 quibus
1040 2731 1213 2820 constat,
1250 2720 1530 2805 infirmitatem
1559 2723 1626 2834 vel
1656 2724 1781 2805 etiam

285 2857 487 2937 malitiam
516 2856 703 2963 pertinet,
735 2868 999 2963 nequaquam
1023 2884 1122 2937 vero
1143 2855 1197 2940 ad
1217 2885 1310 2945 eam
1329 2857 1475 2964 ipsam,
1505 2883 1614 2964 quae
1632 2857 1782 2938 imma-

288 2989 412 3071 culati
452 2989 565 3097 Agni
605 3016 779 3096 sponsa,
820 2990 907 3070 sine
946 2990 1110 3070 macula
1147 3000 1188 3071 et
1216 3017 1321 3099 ruga
1350 2979 1429 3088 est,
1465 2990 1782 3097 promissionem

287 3119 446 3204 habens
474 3120 720 3203 Dominicae
750 3122 1004 3230 praesentiae
1034 3133 1076 3202 et
1098 3123 1213 3232 jugis
1243 3121 1384 3203 auxilii
1424 3119 1600 3230 Spiritus
1637 3123 1780 3204 saneti.

300 3314 304 3322 -
363 3252 438 3337 De
458 3244 676 3336 Primatu
696 3252 905 3336 Romani
924 3253 1200 3337 Pontificis.
1222 3253 1447 3362 Rejicimus
1462 3281 1586 3362 porro
1600 3282 1782 3337 errorem

287 3385 464 3485 illorum,
495 3386 565 3493 qui
595 3383 746 3467 alicubi
776 3384 1005 3467 Ecclesiam
1035 3387 1283 3469 catholicam
1312 3387 1485 3468 existere
1507 3415 1634 3495 posse
1660 3396 1782 3468 autu·

287 3528 405 3601 mant
433 3517 589 3627 absque
620 3518 787 3600 unitatis
817 3517 983 3599 vinculo
1013 3548 1108 3600 cum
1139 3519 1325 3602 Ecclesia
1354 3518 1557 3618 Romana,
1588 3520 1661 3619 33in
1699 3547 1784 3636 qua

288 3677 451 3758 semper
479 3648 534 3732 ab
563 3650 638 3749 his,
670 3651 741 3757 qui
770 3659 867 3731 sunt
895 3651 1088 3758 undique,
1119 3662 1362 3735 conservata
1401 3662 1464 3735 est
1493 3680 1553 3751 ea,
1583 3663 1785 3760 quaeest

288 3776 341 3864 ab
371 3782 586 3890 Apostolis
615 3782 818 3863 traditi0.“
839 3777 873 3860 3)
909 3779 1060 3880 Sciant,
1091 3787 1311 3886 neminem,
1342 3786 1413 3893 qui
1443 3796 1559 3867 extra
1585 3786 1785 3867 unionem

266 3916 435 4023 ‚capitis
475 3924 556 4013 est,
577 3895 582 3903 ’
603 3915 759 3996 censeri
798 3933 920 4023 posse
960 3917 1066 4002 inter
1104 3916 1291 4000 membra
1335 3919 1519 4026 corporis
1563 3917 1784 4019 Ecclesiae,

289 4075 415 4155 quam
445 4044 652 4128 Dominus
682 4075 806 4156 super
834 4047 1003 4130 Petrum
1032 4048 1221 4132 fundavit
1260 4060 1301 4132 et
1330 4053 1373 4131 in
1413 4052 1502 4158 ejus
1540 4052 1784 4133 auctoritate

289 4178 492 4262 solidavit.
554 4176 839 4260 Oonfiteantur
878 4183 1016 4289 potius
1061 4183 1278 4266 nobiscum
1323 4193 1365 4264 et
1408 4211 1504 4266 cum
1543 4182 1785 4269 orthodoxis

289 4339 363 4421 per
393 4310 536 4393 orbern
565 4323 766 4393 terrarum
795 4312 980 4396 fidelium
1010 4297 1155 4398 turmis
1192 4327 1360 4399 sanotae
1389 4315 1606 4398 Romanae
1636 4315 1782 4398 Eccle-

257 4510 261 4519 .
289 4449 374 4530 siae
404 4446 686 4552 Principatum
716 4458 757 4526 et
777 4445 989 4530 Pontificis
1016 4448 1196 4531 Romani
1216 4449 1466 4552 Primatum3
1498 4477 1671 4548 summa,
1702 4450 1785 4557 qua

290 4581 418 4679 decet,
459 4581 611 4688 pietate
651 4576 868 4661 nobiscum
913 4593 1159 4676 venerentur
1203 4583 1425 4690 colantque
1470 4581 1785 4665 Sanctissimum

290 4712 520 4795 Dominum
556 4724 747 4839 nostrum
786 4712 906 4794 Pium
946 4714 1086 4796 divina
1125 4716 1385 4824 providentia
1413 4704 1573 4823 Papam
1603 4711 1678 4796 lX.
1710 4736 1786 4795 ceu

236 5028 242 5037 .
334 4982 360 5062 2)
383 4982 443 5045 Lit.
467 4981 580 5066 Apost.
604 4980 636 5046 S.
659 4982 700 5044 D.
724 4982 773 5046 Pii
796 4983 859 5047 ΡΡ.
883 4984 942 5047 ΙΧ.
966 4985 1006 5048 de
1030 4985 1081 5049 die
1105 4987 1154 5050 26.
1177 4985 1271 5049 Mart.
1296 4985 1386 5049 1860.

336 5091 361 5174 ³)
385 5088 417 5153 S.
440 5088 594 5153 Irenaeus
618 5089 690 5153 adv.
715 5091 839 5156 haeres.
862 5092 916 5156 lib.
939 5092 969 5155 3.
993 5115 1064 5180 cap.
1087 5094 1115 5157 3.
1139 5116 1224 5158 num.
1247 5093 1276 5159 2.
