3960 5956
274 325 322 389 1v

274 535 339 591 tem
360 523 574 589 benedicendi
602 521 720 608 populo
749 544 822 586 cum
851 520 997 607 plenaria
1025 523 1165 584 omnium
1188 506 1393 607 peecatorum
1415 526 1631 613 Indulgentia,
1654 529 1774 593 Aucto·

206 703 209 713 ,
276 638 370 699 ritate
399 633 518 698 Nostra
547 629 736 717 Apostolica
764 638 874 694 tenore
904 631 1122 716 praesentium
1151 631 1358 696 concedimus
1387 641 1420 698 et
1447 634 1638 722 elargimur3
1673 637 1719 701 ita
1740 644 1776 700 ut

276 765 387 808 omnes
416 750 449 805 et
478 739 596 825 singuli
626 742 792 826 utriusque
822 758 920 803 sexus
950 736 1202 822 Christifidelcs,
1231 761 1308 804 vere
1330 743 1547 827 poenitentes,
1574 743 1713 809 confessi
1736 764 1775 809 ac

265 852 309 918 ·S.
330 851 562 915 Communionc
585 848 706 931 refe'eti,
729 850 783 934 qui
806 848 891 912 dicte
914 848 966 911 die
988 845 1205 911 benedictioni
1227 869 1248 911 a
1261 847 1309 911 'l'e
1328 851 1560 934 impertiendae
1582 851 1775 935 adstiterint,

277 982 337 1025 nec
358 982 422 1025 non
444 957 614 1022 eeclesiam
637 956 914 1041 metropolitanam
936 956 1135 1041 Prageusem
1161 958 1378 1041 visitaverint,
1408 958 1518 1045 ibique
1540 982 1598 1046 pro
1628 960 1774 1025 christia-

277 1088 389 1132 norum
421 1068 602 1153 principum
635 1064 826 1148 concordia,
863 1064 1034 1128 haeresum
1066 1067 1298 1150 extirpatione,
1330 1074 1364 1130 et
1396 1066 1428 1131 S.
1459 1067 1572 1131 Matris
1607 1066 1775 1133 Ecclesiae

278 1175 475 1241 exaltatione
504 1177 575 1260 pias
604 1173 646 1236 ad
682 1174 787 1237 Deum
807 1194 935 1258 ‚preces
967 1172 1155 1255 effuderint,
1187 1173 1365 1260 plenariam
1398 1177 1538 1239 emnium
1570 1182 1776 1261 peccatorum

276 1306 408 1350 suorum
441 1282 673 1367 indulgentiam
710 1289 743 1345 et
776 1284 1014 1363 remissionem,
1049 1301 1145 1367 quam
1178 1282 1275 1345 etiam
1308 1280 1478 1345 animabus
1500 1281 1775 1367 Christifidelium,

278 1415 361 1479 qnae
384 1393 455 1456 Deo
478 1394 510 1454 in
533 1391 689 1454 charitate
712 1382 903 1474 conjunctae
925 1388 972 1474 ab·
989 1389 1052 1454 hac
1072 1389 1145 1454 luce
1160 1391 1381 1474 migraverint,
1403 1412 1462 1477 per
1476 1390 1606 1456 modum
1628 1392 1775 1477 suffragii

278 1500 443 1587 applicare
472 1520 568 1585 posse
598 1500 813 1584 impertimur,
840 1497 941 1563 libere
970 1518 1009 1562 ac
1039 1496 1124 1563 licite
1153 1505 1401 1583 consequantur.
1441 1499 1479 1563 ln
1508 1502 1702 1565 mansuum
1730 1500 1776 1564 fa·

278 1608 437 1758 ciedllbls
469 1628 533 1671 non
566 1605 769 1672 obstantibus
801 1605 1068 1692 quibuscumque.
1094 1605 1343 1671 Praesentibus
1371 1628 1431 1693 pro
1461 1608 1524 1673 bae
1551 1610 1624 1674 vice
1652 1615 1775 1675 tantum

278 1713 322 1758 va
382 1713 437 1756 ris.

379 1841 501 1905 Datum
527 1839 648 1905 Romae
671 1839 758 1925 apud
786 1838 819 1904 S.
841 1838 973 1903 Petmm
995 1837 1056 1902 sub
1089 1838 1217 1903 Annulo
1250 1838 1443 1924 Piscatoris,
1478 1840 1530 1905 die
1556 1841 1607 1908 24.
1632 1843 1774 1927 Augusti

280 1948 370 2013 1860.
393 1946 603 2013 Pontificatus
626 1946 736 2011 Nostri
758 1947 853 2011 Anno
877 1946 1133 2032 Decimoquinto.

1072 2103 1136 2168 Pro
1159 2104 1297 2169 Domino
1319 2104 1485 2170 cardinali
1508 2104 1673 2173 blacchi

1015 2238 1093 2300 los.
1116 2237 1153 2301 Β.
1176 2237 1455 2303 Brancaleoni
1481 2237 1713 2305 Osacedsrins.

635 2586 679 2685 3)
711 2583 892 2668 Edictum
919 2584 1217 2667 convocationis
1243 2584 1416 2668 concilii.

279 2833 590 2901 mendenen,
618 2835 653 2889 Β.
672 2837 716 2891 m.
734 2837 775 2891 la
799 2833 924 2890 ΤΙῑιιΙΙ
947 2832 1089 2890 Sancti
1106 2833 1325 2902 Augu-tant
1342 2835 1561 2905 Presbyter
1578 2833 1767 2891 cardina-

314 2940 367 2996 ΙΙι
385 2939 748 3011 §absumentes-3,
771 2926 834 2991 Dei
863 2934 895 2989 et
917 2923 1123 3010 Apostolicae
1151 2924 1245 2989 Sedis
1277 2926 1383 3008 gratia
1403 2922 1572 2989 Ecclesiae
1601 2924 1776 3010 Pragensis

316 3033 589 3119 Archiepiscopus
618 3042 651 3097 et
672 3034 838 3118 Princeps,
867 3032 1079 3118 ejusdemque
1105 3033 1291 3117 provinciae
1324 3032 1538 3119 Metropolita,

281 3241 571 3304 Rcoercadissimis
590 3241 767 3304 Fratribus
791 3240 966 3322 Episcopis
981 3240 1310 3321 comprovincialibus,
1333 3240 1496 3322 Capitulis
1516 3241 1773 3324 rrectropolitaao,

364 3347 602 3411 cathedralibus
632 3356 661 3410 et
687 3347 881 3429 collegiatis,
913 3349 1091 3419 Abbatibas
1113 3355 1143 3412 et
1164 3347 1371 3430 Praepositis
1400 3348 1628 3431 Regulariam,
1650 3359 1680 3413 et
1700 3350 1776 3412 raai-

368 3475 457 3518 rerso
480 3457 578 3518 totius
597 3457 784 3537 prouinciae
807 3455 899 3518 Claro

834 3684 980 3747 Salariam
1001 3687 1036 3747 iu
1058 3686 1223 3748 Doraiao!

379 3866 509 3931 Nullum
539 3868 716 3931 asseratis
744 3865 912 3931 Ecclesiae
942 3866 1125 3951 primordiis
1158 3873 1224 3931 tsm
1256 3864 1394 3931 solidum
1424 3869 1668 3935 conservandae
1702 3871 1779 3936 fidei

283 3974 460 4041 catholicae
492 3975 644 4041 fulcimen
676 3982 709 4040 et
740 3973 926 4059 vigilantiae
960 3973 1130 4060 pastoralis
1165 3976 1292 4060 insigne
1325 3974 1562 4062 documentum,
1595 3988 1656 4043 nec
1690 3978 1779 4043 aliud

282 4106 424 4171 unquam
452 4083 604 4149 Patribus
635 4084 677 4148 ad
706 4082 928 4149 reformandos
960 4082 1047 4146 Cleri
1062 4164 1066 4178 Ι
1073 4079 1246 4169 populique
1270 4103 1375 4146 rueres
1396 4084 1503 4148 visum
1524 4093 1575 4149 ast
1599 4085 1777 4151 remedium

283 4195 388 4278 magis
409 4200 633 4279 opportunum,
656 4212 752 4278 quam
774 4193 864 4255 nnita
885 4192 918 4253 in
935 4189 1076 4275 Synodis
1097 4189 1233 4276 provida
1248 4211 1358 4256 eorum
1374 4189 1515 4275 solertia,
1538 4210 1618 4278 quos
1633 4193 1780 4276 Spiritus

283 4311 415 4367 sanctas
441 4303 551 4384 pontit
579 4301 775 4383 Episcopus,
804 4320 913 4381 repere
941 4298 1122 4363 &eleuata
1150 4299 1217 4363 Dei
1247 4298 1334 4383 (Act.
1363 4299 1426 4384 Ap.
1459 4298 1537 4363 XX.
1566 4301 1642 4384 28.).
1686 4302 1780 4368 Hane

283 4407 498 4474 illustrissimo
527 4406 754 4494 Apostolorum
776 4406 925 4492 exemplo
947 4414 1114 4493 acceptam
1136 4406 1341 4472 traditionem
1370 4408 1423 4492 pis
1454 4406 1519 4472 fide
1552 4408 1779 4493 custodientes,

284 4519 378 4605 primi
400 4537 615 4603 proceresque
637 4515 857 4582 Ecclesiamm
879 4515 1050 4580 Antistitm
1071 4513 1273 4580 fervescente
1295 4515 1402 4599 potius
1424 4516 1549 4601 spiritu,
1579 4538 1675 4603 qnam
1698 4518 1780 4604 legis

283 4624 377 4691 litera
406 4634 542 4712 cogente
570 4623 744 4690 salutiferis
771 4622 987 4689 conciliorum
1017 4624 1174 4710 suppetiis
1203 4642 1241 4686 eo
1271 4623 1366 4688 citius
1392 4622 1602 4709 crebriusque
1624 4627 1673 4691 usi
1696 4632 1780 4708 sunt,

285 4755 347 4820 quo
368 4733 483 4818 ,majus
511 4735 545 4796 in
573 4753 663 4797 mora
691 4731 870 4819 perieulum
904 4731 1059 4817 gregibus
1088 4732 1254 4796 imminere
1284 4739 1317 4794 et
1345 4751 1408 4816 quo
1438 4733 1570 4816 gravior
1602 4735 1780 4799 communis

285 4840 466 4907 formidinis
494 4862 595 4905 causa
623 4840 797 4906 videbatur
824 4839 924 4923 adeo,
957 4848 992 4905 ut
1020 4860 1084 4905 non
1111 4841 1174 4905 nisi
1206 4840 1386 4925 conjunctis
1415 4838 1531 4906 studiis
1563 4839 1779 4926 precibusque

285 4950 488 5015 romulidam
516 4951 600 5032 quod
628 4951 810 5033 infir-raum,
840 4969 961 5014 sanare
982 4949 1068 5033 quod
1089 4957 1270 5032 aceruum,
1303 4947 1444 5031 allieurs
1465 4947 1551 5030 qaod
1571 4951 1781 5032 confractum,

284 5058 436 5123 reducere
456 5058 541 5142 quod
562 5060 728 5143 abjectam,
758 5068 788 5123 ct
809 5058 894 5142 qaod
911 5059 1068 5140 perierat,
1094 5075 1247 5141 quarere
1267 5053 1440 5121 maluerint
1464 5052 1599 5138 (Erech.
1621 5054 1782 5121 XXXIV.

284 5165 341 5253 d).
383 5163 521 5249 Qualem
551 5174 661 5233 autam
689 5175 722 5233 et
751 5174 905 5254 quantam
933 5163 1090 5233 exantlati
1119 5160 1243 5255 laboris
1267 5161 1453 5229 mercedem
1483 5163 1682 5253 receperint:
1714 5171 1782 5231 tum
