3960 5956
1647 378 1688 441 29

193 589 306 670 ceses
326 587 462 697 legem
482 588 642 671 dabmrt
661 585 870 694 Episcopi,
897 571 1169 694 utminoriun
1200 584 1512 665 seminariorum
1532 563 1689 661 alumni

192 719 376 828 parocho
406 720 498 821 loci,
528 720 599 803 ubi
629 705 823 800 feriarum
852 728 1037 825 tempore
1056 719 1208 798 morari
1233 716 1448 819 voluerint,
1472 716 1690 796 *venientes

193 880 238 934 se
267 865 539 961 praesentent,
570 864 612 936 et
641 853 840 935 abeuntes
869 879 942 959 per
971 851 1164 946 eumdem
1195 848 1423 957 parochum
1452 845 1689 929 testimonio

194 969 413 1093 probitatis
443 985 724 1068 commendari
754 993 997 1066 mereantur.
1566 1004 1569 1011 ·

313 1187 352 1264 2.
385 1187 478 1284 Quo
510 1185 660 1266 certius
676 1184 757 1292 'pie
786 1211 949 1291 sperare
979 1183 1111 1282 liceat,
1141 1182 1228 1263 fore
1249 1175 1295 1263 ut
1320 1181 1554 1289 ipseDeus,
1586 1207 1692 1286 quos
1737 1229 1744 1234 -
1844 1172 1851 1187 ’

122 1308 125 1313 ’
196 1316 324 1398 sacris
353 1298 552 1399 altaribus
573 1315 994 1424 servituros'elegerit,
1026 1314 1238 1397 ostendat:
1270 1314 1581 1396 solertissimam
1600 1311 1707 1402 Ans
1798 1336 1808 1404 f

196 1447 373 1536 tistitum
413 1446 690 1559 vigilantiam
712 1458 753 1528 et
792 1445 1036 1530 industriam
1075 1446 1154 1530 sibi
1190 1447 1403 1529 vindicant
1432 1448 1591 1555 majora
1617 1472 1693 1535 seu

197 1575 452 1689 Clericorum
481 1580 712 1685 seminaria.
1118 1565 1120 1569 Α

315 1729 424 1813 Cum
454 1731 608 1823 melius,
631 1731 815 1839 profecto
836 1731 899 1829 sit,
930 1753 1054 1837 prout
1084 1731 1385 1838 sapientissime
1425 1729 1598 1820 monuit
1612 1727 1694 1848 Be·

198 1860 386 1944 nedictus
418 1863 539 1970 l'apa'
561 1862 688 1964 ΚΝ,
712 1864 934 1970 pauciores
969 1861 1121 1946 habere
1160 1863 1389 1962 ministros,
1430 1860 1503 1944 sed
1540 1860 1695 1969 probos
1747 1915 1750 1919 »

197 2023 248 2077 ac
276 1994 460 2092 idoneos,
491 1994 796 2104 quamplures,
827 1996 898 2103 qui
928 1996 971 2076 in
1001 1995 1331 2088 aedificationem
1371 1995 1582 2078 Ecclesiae
1621 2021 1695 2074 ne-

199 2127 425 2237 quidquam
455 2127 538 2208 sint
569 2127 730 2221 valituri
749 2124 807 2235 5lz
847 2129 990 2209 statuit
1028 2129 1131 2210 haec
1162 2130 1366 2238 Synodus,
1396 2140 1444 2210 ut
1463 2129 1696 2237 postposito
1828 2178 1831 2183 -

200 2273 387 2375 respectu
426 2260 479 2342 ad
521 2260 779 2363 deficientem
829 2259 939 2356 Cleri
979 2264 1144 2370 copiam
1193 2264 1419 2373 majoribus
1450 2261 1698 2343 xseminariis

200 2383 315 2499 nullo
345 2387 471 2476 modo
495 2394 672 2501 juvenes
700 2404 990 2504 aggregentm,
1022 2397 1093 2503 qui
1123 2397 1189 2478 vel
1219 2398 1274 2500 ob
1304 2398 1500 2507 exiguum
1529 2397 1574 2476 in
1610 2404 1698 2475 stu-

166 2621 174 2635 ι
202 2527 271 2633 dio
300 2528 551 2641 gymnasiali
573 2557 846 2637 progressum
876 2529 931 2610 ab
961 2530 1062 2638 ipsis
1091 2531 1217 2611 etiam
1247 2529 1541 2638 condiscipulis
1561 2529 1699 2609 minus

202 2659 339 2741 idonei
379 2672 422 2741 et
459 2660 650 2742 tardioris
688 2662 844 2771 ingenii
884 2660 1194 2770 dignoscmrtur,
1234 2663 1300 2744 vel
1340 2642 1492 2744 saeculi
1528 2689 1699 2778 corrupf

202 2793 293 2874 telis
323 2793 495 2874 sauciati
540 2814 593 2874 ne
632 2794 701 2873 vix
741 2794 909 2900 quidem
955 2795 1162 2902 optandae
1213 2795 1501 2879 conversionis·
1535 2795 1699 2902 conjec-

203 2936 349 3020 turam*
368 2925 578 3034 praebent.
1197 3014 1199 3018 ,

238 3097 241 3103 ’
295 3077 303 3158 J
319 3071 434 3155 Nihil
473 3104 597 3182 porro
634 3074 856 3182 Episcopis
895 3105 945 3156 ex
983 3067 1085 3157 uoto
1127 3077 1359 3180 Beatissimi
1399 3076 1532 3160 Patris
1570 3079 1725 3161 nostri

205 3206 424 3314 antiquius,
455 3207 559 3288 nihil
594 3208 733 3315 potius
750 3209 848 3316 erit,
890 3236 1034 3317 quam⁴
1055 3211 1245 3293 instituta
1282 3208 1537 3311 Clericorum
1577 3211 1701 3294 semi·

205 3339 320 3420 naria
354 3340 547 3454 „optimis
576 3339 906 3433 moderatoribus
935 3353 977 3423 et
1005 3343 1215 3459 magistris
1252 3344 1473 3443 instituere,
1514 3355 1560 3425 ut
1599 3344 1702 3426 inibi

181 3459 388 3581 'juniores'
425 3471 574 3555 Clerici
614 3476 657 3555 in
696 3476 844 3588 timore
883 3475 1055 3557 Domini
1094 3488 1135 3558 et
1174 3477 1449 3559 ecclesiastica
1484 3477 1702 3583 disciplina

206 3616 347 3688 sancte
384 3606 657 3717 religioseque
697 3609 942 3709 educentur,
983 3608 1024 3691 et
1062 3610 1189 3694 sacris
1217 3610 1480 3718 potissimum
1520 3608 1701 3691 scientiis

71 3741 77 3751 ”
200 3740 322 3847 juxta
351 3739 599 3823 catholicam
629 3742 859 3825 doctrinam
890 3744 944 3826 ab
962 3744 1087 3826 ¹omni
1120 3771 1287 3851 prorsus
1317 3741 1535 3850 cujuslibet
1556 3741 1703 3824 erroris

206 3871 391 3979 periculo
430 3872 575 3955 alienis
623 3875 879 3975 excolantur,
919 3888 1043 3986 atque
1082 3876 1358 3958 ecclesiastico
1398 3875 1544 3983 spiritu
1583 3891 1702 3982 prae·
1802 3854 1804 3859 ⁵

209 4002 284 4084 diti
313 4021 366 4085 a'c-
402 3998 549 4087 studiis
588 4016 697 4089 recte
726 4009 901 4090 instituti
941 4008 1106 4090 valeant
1136 4009 1178 4088 in
1217 4018 1404 4115 tempore
1435 4007 1703 4088 Dominicum

208 4164 363 4246 agrum.
396 4137 613 4248 diligenter
642 4141 857 4239 excolere,
896 4171 947 4222 ac
985 4151 1165 4258 strenue*
1187 4140 1377 4249 proeliari
1417 4139 1574 4247 proelia
1613 4138 1703 4219 Do·
1817 4216 1822 4222 .

210 4269 350 4350 minjf‘
365 4268 401 4350 6)
680 4313 687 4322 .
1303 4275 1306 4280 '
1365 4321 1369 4329 .

179 4424 183 4431 ’
327 4419 451 4519 Quod
481 4433 527 4502 ut
556 4422 784 4530 opitulante
817 4423 906 4506 Deo
935 4423 1068 4503 fauste
1098 4423 1270 4519 eveniat,
1302 4422 1520 4503 seminaria
1549 4422 1591 4502 in
1618 4421 1703 4528 pri-

209 4551 368 4634 misac
398 4554 491 4637 imis
521 4554 575 4637 ad
605 4555 764 4637 literam
795 4568 835 4638 et
864 4566 1044 4638 mentem
1084 4555 1201 4664 legis
1216 4554 1526 4635 *ecclesiasticae
1561 4552 1704 4660 dispo·

160 4668 165 4673 ¹
210 4685 290 4768 sita
328 4687 411 4768 sint
448 4687 574 4787 adeo,
616 4699 661 4770 ut
700 4685 849 4772 Clerici
898 4666 1138 4797 cumprimis
1166 4687 1336 4798 'spiritu
1375 4686 1584 4792 Ecclesiae
1613 4686 1705 4767 ani·

211 4830 384 4901 mentm.
446 4818 557 4902 Hinc
587 4846 671 4903 non
703 4832 872 4903 tantum·
894 4819 1145 4929 quotidianis
1169 4819 1421 4904 'christianae
1448 4820 1612 4927 pietatis
1632 4818 1706 4900 sed
1806 4800 1811 4809 ¹

257 5112 283 5197 ⁸)
305 5113 408 5199 Epist.
455 5115 588 5201 Encycl.
632 5093 718 5199 „Ubi
751 5113 918 5204 primum.“
954 5119 990 5199 3.
1032 5113 1187 5221 Deccmbs
1233 5087 1322 5179 1740.
1369 5119 1394 5201 ⁶)
1436 5096 1540 5200 Epist.
1570 5115 1705 5200 Encycl.

305 5222 339 5286 S.
370 5222 411 5286 D.
442 5224 492 5287 Pii
521 5225 584 5288 PP.
612 5225 672 5289 IX.
700 5225 742 5290 'de
772 5226 824 5290 ‹lie
847 5221 875 5290 9.
898 5225 981 5289 Nov.
1005 5225 1094 5291 1846.
1173 5262 1176 5275 ·
