<?xml version="1.0" encoding="UTF-8"?>
<!DOCTYPE html PUBLIC "-//W3C//DTD XHTML 1.0 Transitional//EN"
    "http://www.w3.org/TR/xhtml1/DTD/xhtml1-transitional.dtd">
<html xmlns="http://www.w3.org/1999/xhtml" xml:lang="en" lang="en">
 <head>
  <title>
</title>
<meta http-equiv="Content-Type" content="text/html;charset=utf-8" />
  <meta name='ocr-system' content='tesseract 3.04.00' />
  <meta name='ocr-capabilities' content='ocr_page ocr_carea ocr_par ocr_line ocrx_word'/>
</head>
<body>
  <div class='ocr_page' id='page_1' title='image "actaetdecretaco00schwgoog_0175.png"; bbox 0 0 3960 5956; ppageno 0'>
   <div class='ocr_carea' id='block_1_1' title="bbox 278 289 337 352">
    <p class='ocr_par' dir='ltr' id='par_1_1' title="bbox 278 289 337 352">
     <span class='ocr_line' id='line_1_1' title="bbox 278 289 337 352; baseline -0.017 0"><span class='ocrx_word' id='word_1_1' title='bbox 278 289 337 352; x_wconf 84' lang='lat'><strong>108</strong></span> 
     </span>
    </p>
   </div>
   <div class='ocr_carea' id='block_1_2' title="bbox 187 488 1776 2051">
    <p class='ocr_par' dir='ltr' id='par_1_2' title="bbox 187 488 1776 2051">
     <span class='ocr_line' id='line_1_2' title="bbox 276 488 1773 598; baseline -0.001 -24"><span class='ocrx_word' id='word_1_2' title='bbox 276 499 487 590; x_wconf 87' lang='lat' dir='ltr'><strong>vocantur,</strong></span> <span class='ocrx_word' id='word_1_3' title='bbox 518 489 668 598; x_wconf 89' lang='lat' dir='ltr'><strong>quibus</strong></span> <span class='ocrx_word' id='word_1_4' title='bbox 698 488 891 571; x_wconf 89' lang='lat' dir='ltr'><strong>videlicet</strong></span> <span class='ocrx_word' id='word_1_5' title='bbox 919 517 985 572; x_wconf 89' lang='lat' dir='ltr'><strong>res</strong></span> <span class='ocrx_word' id='word_1_6' title='bbox 1014 488 1080 570; x_wconf 92' lang='lat' dir='ltr'><strong>vel</strong></span> <span class='ocrx_word' id='word_1_7' title='bbox 1109 516 1310 598; x_wconf 82' lang='lat' dir='ltr'><strong>personae</strong></span> <span class='ocrx_word' id='word_1_8' title='bbox 1339 490 1383 571; x_wconf 92' lang='lat' dir='ltr'><strong>in</strong></span> <span class='ocrx_word' id='word_1_9' title='bbox 1413 489 1604 574; x_wconf 83' lang='lat' dir='ltr'><strong>ordinem</strong></span> <span class='ocrx_word' id='word_1_10' title='bbox 1630 519 1773 575; x_wconf 87' lang='lat' dir='ltr'><strong>sacro·</strong></span> 
     </span>
     <span class='ocr_line' id='line_1_3' title="bbox 275 620 1773 731; baseline -0.002 -24"><span class='ocrx_word' id='word_1_11' title='bbox 275 650 368 707; x_wconf 91' lang='lat' dir='ltr'><strong>rum</strong></span> <span class='ocrx_word' id='word_1_12' title='bbox 397 620 705 721; x_wconf 89' lang='lat' dir='ltr'><strong>transferuntur,</strong></span> <span class='ocrx_word' id='word_1_13' title='bbox 737 620 850 702; x_wconf 89' lang='lat' dir='ltr'><strong>etin</strong></span> <span class='ocrx_word' id='word_1_14' title='bbox 880 649 930 703; x_wconf 91' lang='lat' dir='ltr'><strong>eo</strong></span> <span class='ocrx_word' id='word_1_15' title='bbox 961 622 1208 704; x_wconf 75' lang='lat' dir='ltr'><strong>constitutae</strong></span> <span class='ocrx_word' id='word_1_16' title='bbox 1236 621 1297 703; x_wconf 90' lang='lat' dir='ltr'><strong>sic</strong></span> <span class='ocrx_word' id='word_1_17' title='bbox 1316 633 1576 730; x_wconf 82' lang='lat' dir='ltr'><strong>permanent,</strong></span> <span class='ocrx_word' id='word_1_18' title='bbox 1606 631 1655 704; x_wconf 94' lang='lat' dir='ltr'><strong>ut</strong></span> <span class='ocrx_word' id='word_1_19' title='bbox 1673 650 1773 731; x_wconf 89' lang='lat' dir='ltr'><strong>pro-</strong></span> 
     </span>
     <span class='ocr_line' id='line_1_4' title="bbox 275 752 1773 861; baseline 0.001 -25"><span class='ocrx_word' id='word_1_20' title='bbox 275 753 396 837; x_wconf 86' lang='lat' dir='ltr'><strong>fanus</strong></span> <span class='ocrx_word' id='word_1_21' title='bbox 434 752 673 836; x_wconf 89' lang='lat' dir='ltr'><strong>earumdem</strong></span> <span class='ocrx_word' id='word_1_22' title='bbox 713 781 813 838; x_wconf 89' lang='lat' dir='ltr'><strong>usus</strong></span> <span class='ocrx_word' id='word_1_23' title='bbox 852 753 1102 855; x_wconf 80' lang='lat' dir='ltr'><strong>excludatur,</strong></span> <span class='ocrx_word' id='word_1_24' title='bbox 1143 753 1374 861; x_wconf 89' lang='lat' dir='ltr'><strong>cujusmodi</strong></span> <span class='ocrx_word' id='word_1_25' title='bbox 1412 766 1511 838; x_wconf 89' lang='lat' dir='ltr'><strong>sunt</strong></span> <span class='ocrx_word' id='word_1_26' title='bbox 1566 754 1773 856; x_wconf 85' lang='lat' dir='ltr'><strong>ecclesiae,</strong></span> 
     </span>
     <span class='ocr_line' id='line_1_5' title="bbox 276 884 1774 996; baseline 0.001 -27"><span class='ocrx_word' id='word_1_27' title='bbox 276 886 520 969; x_wconf 90' lang='lat' dir='ltr'><strong>indumenta</strong></span> <span class='ocrx_word' id='word_1_28' title='bbox 559 895 600 966; x_wconf 88' lang='lat' dir='ltr'><strong>et</strong></span> <span class='ocrx_word' id='word_1_29' title='bbox 629 913 731 967; x_wconf 87' lang='lat' dir='ltr'><strong>vasa</strong></span> <span class='ocrx_word' id='word_1_30' title='bbox 759 913 897 985; x_wconf 88' lang='lat' dir='ltr'><strong>sacra,</strong></span> <span class='ocrx_word' id='word_1_31' title='bbox 937 896 979 968; x_wconf 90' lang='lat' dir='ltr'><strong>et</strong></span> <span class='ocrx_word' id='word_1_32' title='bbox 1001 885 1099 968; x_wconf 91' lang='lat' dir='ltr'><strong>alia.</strong></span> <span class='ocrx_word' id='word_1_33' title='bbox 1160 884 1245 968; x_wconf 89' lang='lat' dir='ltr'><strong>Res</strong></span> <span class='ocrx_word' id='word_1_34' title='bbox 1284 885 1398 988; x_wconf 89' lang='lat' dir='ltr'><strong>istae,</strong></span> <span class='ocrx_word' id='word_1_35' title='bbox 1415 962 1418 967; x_wconf 88' lang='lat'>.</span> <span class='ocrx_word' id='word_1_36' title='bbox 1437 915 1550 996; x_wconf 88' lang='lat' dir='ltr'><strong>quae</strong></span> <span class='ocrx_word' id='word_1_37' title='bbox 1586 915 1661 996; x_wconf 89' lang='lat' dir='ltr'><strong>per</strong></span> <span class='ocrx_word' id='word_1_38' title='bbox 1698 885 1774 970; x_wconf 90' lang='lat' dir='ltr'><strong>be·</strong></span> 
     </span>
     <span class='ocr_line' id='line_1_6' title="bbox 276 1016 1772 1126; baseline 0 -25"><span class='ocrx_word' id='word_1_39' title='bbox 276 1017 554 1101; x_wconf 90' lang='lat' dir='ltr'><strong>nedictionem</strong></span> <span class='ocrx_word' id='word_1_40' title='bbox 594 1029 666 1099; x_wconf 91' lang='lat' dir='ltr'><strong>aut</strong></span> <span class='ocrx_word' id='word_1_41' title='bbox 706 1019 1065 1100; x_wconf 87' lang='lat' dir='ltr'><strong>consecrationem</strong></span> <span class='ocrx_word' id='word_1_42' title='bbox 1104 1019 1147 1099; x_wconf 91' lang='lat' dir='ltr'><strong>in</strong></span> <span class='ocrx_word' id='word_1_43' title='bbox 1179 1019 1251 1126; x_wconf 92' lang='lat' dir='ltr'><strong>jus</strong></span> <span class='ocrx_word' id='word_1_44' title='bbox 1290 1016 1462 1101; x_wconf 86' lang='lat' dir='ltr'><strong>Domini</strong></span> <span class='ocrx_word' id='word_1_45' title='bbox 1521 1019 1772 1102; x_wconf 85' lang='lat' dir='ltr'><strong>transierunt</strong></span> 
     </span>
     <span class='ocr_line' id='line_1_7' title="bbox 187 1150 1776 1260; baseline 0 -25"><span class='ocrx_word' id='word_1_46' title='bbox 187 1159 190 1166; x_wconf 89' lang='grc'><strong>’</strong></span> <span class='ocrx_word' id='word_1_47' title='bbox 276 1151 466 1260; x_wconf 83' lang='lat' dir='ltr'>religiose</span> <span class='ocrx_word' id='word_1_48' title='bbox 508 1150 802 1250; x_wconf 82' lang='lat' dir='ltr'><strong>custodiantm,</strong></span> <span class='ocrx_word' id='word_1_49' title='bbox 848 1162 890 1230; x_wconf 91' lang='lat' dir='ltr'><strong>et</strong></span> <span class='ocrx_word' id='word_1_50' title='bbox 919 1150 1047 1260; x_wconf 91' lang='lat' dir='ltr'><strong>digna</strong></span> <span class='ocrx_word' id='word_1_51' title='bbox 1087 1151 1365 1233; x_wconf 89' lang='lat' dir='ltr'><strong>veneratione·</strong></span> <span class='ocrx_word' id='word_1_52' title='bbox 1393 1177 1558 1260; x_wconf 83' lang='lat' dir='ltr'><strong>semper</strong></span> <span class='ocrx_word' id='word_1_53' title='bbox 1596 1161 1776 1235; x_wconf 89' lang='lat' dir='ltr'><strong>tracten-</strong></span> 
     </span>
     <span class='ocr_line' id='line_1_8' title="bbox 277 1281 1775 1394; baseline 0 -28"><span class='ocrx_word' id='word_1_54' title='bbox 277 1294 354 1366; x_wconf 86' lang='lat' dir='ltr'><strong>tur.</strong></span> <span class='ocrx_word' id='word_1_55' title='bbox 416 1281 535 1364; x_wconf 83' lang='lat' dir='ltr'><strong>Aliae</strong></span> <span class='ocrx_word' id='word_1_56' title='bbox 555 1281 871 1363; x_wconf 89' lang='lat' dir='ltr'><strong>Benedictiones</strong></span> <span class='ocrx_word' id='word_1_57' title='bbox 892 1309 1001 1382; x_wconf 90' lang='lat' dir='ltr'><strong>vero,</strong></span> <span class='ocrx_word' id='word_1_58' title='bbox 1034 1310 1139 1390; x_wconf 89' lang='lat' dir='ltr'><strong>quae</strong></span> <span class='ocrx_word' id='word_1_59' title='bbox 1161 1311 1239 1390; x_wconf 87' lang='lat' dir='ltr'><strong>per</strong></span> <span class='ocrx_word' id='word_1_60' title='bbox 1259 1282 1470 1391; x_wconf 89' lang='lat' dir='ltr'><strong>parochos</strong></span> <span class='ocrx_word' id='word_1_61' title='bbox 1491 1285 1587 1392; x_wconf 88' lang='lat' dir='ltr'><strong>jure</strong></span> <span class='ocrx_word' id='word_1_62' title='bbox 1607 1283 1775 1394; x_wconf 89' lang='lat' dir='ltr'><strong>proprio</strong></span> 
     </span>
     <span class='ocr_line' id='line_1_9' title="bbox 276 1413 1772 1524; baseline 0.001 -27"><span class='ocrx_word' id='word_1_63' title='bbox 276 1414 343 1498; x_wconf 90' lang='lat' dir='ltr'><strong>vel</strong></span> <span class='ocrx_word' id='word_1_64' title='bbox 382 1415 507 1496; x_wconf 88' lang='lat' dir='ltr'><strong>etiam</strong></span> <span class='ocrx_word' id='word_1_65' title='bbox 546 1443 640 1523; x_wconf 68' lang='lat' dir='ltr'><strong>per,</strong></span> <span class='ocrx_word' id='word_1_66' title='bbox 658 1440 941 1523; x_wconf 90' lang='lat' dir='ltr'><strong>quoscumque</strong></span> <span class='ocrx_word' id='word_1_67' title='bbox 978 1414 1211 1497; x_wconf 81' lang='lat' dir='ltr'><strong>sacerdotes</strong></span> <span class='ocrx_word' id='word_1_68' title='bbox 1240 1413 1356 1514; x_wconf 90' lang='lat' dir='ltr'><strong>fiunt,</strong></span> <span class='ocrx_word' id='word_1_69' title='bbox 1396 1413 1643 1524; x_wconf 89' lang='lat' dir='ltr'><strong>plerumque</strong></span> <span class='ocrx_word' id='word_1_70' title='bbox 1674 1427 1772 1499; x_wconf 92' lang='lat' dir='ltr'><strong>sunt</strong></span> 
     </span>
     <span class='ocr_line' id='line_1_10' title="bbox 239 1518 1773 1654; baseline 0.001 -26"><span class='ocrx_word' id='word_1_71' title='bbox 239 1565 242 1574; x_wconf 89' lang='grc'><strong>’</strong></span> <span class='ocrx_word' id='word_1_72' title='bbox 277 1546 555 1646; x_wconf 88' lang='lat' dir='ltr'><strong>invocativae,</strong></span> <span class='ocrx_word' id='word_1_73' title='bbox 596 1545 746 1653; x_wconf 89' lang='lat' dir='ltr'><strong>quibus</strong></span> <span class='ocrx_word' id='word_1_74' title='bbox 785 1545 908 1627; x_wconf 91' lang='lat' dir='ltr'><strong>alicui</strong></span> <span class='ocrx_word' id='word_1_75' title='bbox 936 1547 995 1627; x_wconf 88' lang='lat' dir='ltr'><strong>rei</strong></span> <span class='ocrx_word' id='word_1_76' title='bbox 1024 1546 1091 1628; x_wconf 87' lang='lat' dir='ltr'><strong>vel</strong></span> <span class='ocrx_word' id='word_1_77' title='bbox 1130 1573 1329 1654; x_wconf 78' lang='lat' dir='ltr'>personae</span> <span class='ocrx_word' id='word_1_78' title='bbox 1359 1518 1435 1654; x_wconf 73' lang='lat' dir='ltr'><strong>per</strong></span> <span class='ocrx_word' id='word_1_79' title='bbox 1461 1548 1773 1630; x_wconf 86' lang='lat' dir='ltr'><strong>invocationem</strong></span> 
     </span>
     <span class='ocr_line' id='line_1_11' title="bbox 277 1676 1773 1787; baseline 0.001 -27"><span class='ocrx_word' id='word_1_80' title='bbox 277 1678 406 1761; x_wconf 90' lang='lat' dir='ltr'><strong>divini</strong></span> <span class='ocrx_word' id='word_1_81' title='bbox 435 1679 614 1760; x_wconf 91' lang='lat' dir='ltr'><strong>nominis</strong></span> <span class='ocrx_word' id='word_1_82' title='bbox 652 1676 862 1786; x_wconf 84' lang='lat' dir='ltr'><strong>spirituale</strong></span> <span class='ocrx_word' id='word_1_83' title='bbox 900 1676 1056 1759; x_wconf 92' lang='lat' dir='ltr'><strong>bonum</strong></span> <span class='ocrx_word' id='word_1_84' title='bbox 1096 1677 1355 1787; x_wconf 90' lang='lat' dir='ltr'><strong>deprecando</strong></span> <span class='ocrx_word' id='word_1_85' title='bbox 1396 1690 1437 1760; x_wconf 91' lang='lat' dir='ltr'><strong>et</strong></span> <span class='ocrx_word' id='word_1_86' title='bbox 1476 1679 1773 1763; x_wconf 85' lang='lat' dir='ltr'><strong>intercedendo</strong></span> 
     </span>
     <span class='ocr_line' id='line_1_12' title="bbox 277 1808 1772 1921; baseline 0.001 -27"><span class='ocrx_word' id='word_1_87' title='bbox 277 1811 493 1911; x_wconf 80' lang='lat' dir='ltr'><strong>confertur,</strong></span> <span class='ocrx_word' id='word_1_88' title='bbox 524 1821 570 1892; x_wconf 93' lang='lat' dir='ltr'><strong>ut</strong></span> <span class='ocrx_word' id='word_1_89' title='bbox 599 1820 696 1892; x_wconf 90' lang='lat' dir='ltr'><strong>sunt</strong></span> <span class='ocrx_word' id='word_1_90' title='bbox 715 1808 1029 1893; x_wconf 90' lang='lat' dir='ltr'><strong>Benedictiones</strong></span> <span class='ocrx_word' id='word_1_91' title='bbox 1048 1838 1305 1918; x_wconf 89' lang='lat' dir='ltr'><strong>sponsorum,</strong></span> <span class='ocrx_word' id='word_1_92' title='bbox 1336 1839 1645 1920; x_wconf 87' lang='lat' dir='ltr'><strong>puerperarum,</strong></span> <span class='ocrx_word' id='word_1_93' title='bbox 1675 1840 1772 1921; x_wconf 91' lang='lat' dir='ltr'><strong>par·</strong></span> 
     </span>
     <span class='ocr_line' id='line_1_13' title="bbox 276 1942 1084 2051; baseline -0.005 -24"><span class='ocrx_word' id='word_1_94' title='bbox 276 1945 479 2044; x_wconf 91' lang='lat' dir='ltr'><strong>vulorum,</strong></span> <span class='ocrx_word' id='word_1_95' title='bbox 510 1943 671 2043; x_wconf 89' lang='lat' dir='ltr'><strong>domus,</strong></span> <span class='ocrx_word' id='word_1_96' title='bbox 701 1942 867 2051; x_wconf 86' lang='lat' dir='ltr'><strong>frugum</strong></span> <span class='ocrx_word' id='word_1_97' title='bbox 899 1954 940 2024; x_wconf 91' lang='lat' dir='ltr'><strong>et</strong></span> <span class='ocrx_word' id='word_1_98' title='bbox 969 1942 1084 2024; x_wconf 88' lang='lat' dir='ltr'><strong>aliae.</strong></span> 
     </span>
    </p>
   </div>
   <div class='ocr_carea' id='block_1_3' title="bbox 278 2122 1838 4466">
    <p class='ocr_par' dir='ltr' id='par_1_3' title="bbox 278 2122 1838 4466">
     <span class='ocr_line' id='line_1_14' title="bbox 298 2122 1777 2232; baseline 0.005 -31"><span class='ocrx_word' id='word_1_99' title='bbox 298 2190 303 2201; x_wconf 86' lang='lat'>.</span> <span class='ocrx_word' id='word_1_100' title='bbox 394 2125 657 2207; x_wconf 87' lang='lat' dir='ltr'><strong>Meminerint</strong></span> <span class='ocrx_word' id='word_1_101' title='bbox 698 2151 863 2224; x_wconf 90' lang='lat' dir='ltr'><strong>omnes,</strong></span> <span class='ocrx_word' id='word_1_102' title='bbox 904 2125 976 2232; x_wconf 91' lang='lat' dir='ltr'><strong>qui</strong></span> <span class='ocrx_word' id='word_1_103' title='bbox 1014 2122 1197 2232; x_wconf 85' lang='lat' dir='ltr'><strong>aliquam</strong></span> <span class='ocrx_word' id='word_1_104' title='bbox 1237 2123 1569 2210; x_wconf 88' lang='lat' dir='ltr'><strong>benedictionem</strong></span> <span class='ocrx_word' id='word_1_105' title='bbox 1609 2126 1777 2208; x_wconf 90' lang='lat' dir='ltr'><strong>nomine</strong></span> 
     </span>
     <span class='ocr_line' id='line_1_15' title="bbox 278 2255 1777 2365; baseline -0.002 -23"><span class='ocrx_word' id='word_1_106' title='bbox 278 2259 490 2342; x_wconf 83' lang='lat' dir='ltr'><strong>Ecclesiae</strong></span> <span class='ocrx_word' id='word_1_107' title='bbox 518 2257 818 2365; x_wconf 91' lang='lat' dir='ltr'><strong>impertiuntur,</strong></span> <span class='ocrx_word' id='word_1_108' title='bbox 849 2255 1021 2338; x_wconf 90' lang='lat' dir='ltr'><strong>modum</strong></span> <span class='ocrx_word' id='word_1_109' title='bbox 1051 2266 1093 2338; x_wconf 90' lang='lat' dir='ltr'><strong>et</strong></span> <span class='ocrx_word' id='word_1_110' title='bbox 1121 2256 1298 2338; x_wconf 86' lang='lat' dir='ltr'><strong>formam</strong></span> <span class='ocrx_word' id='word_1_111' title='bbox 1330 2256 1489 2340; x_wconf 87' lang='lat' dir='ltr'><strong>Rituali</strong></span> <span class='ocrx_word' id='word_1_112' title='bbox 1518 2256 1710 2341; x_wconf 90' lang='lat' dir='ltr'><strong>Romano</strong></span> <span class='ocrx_word' id='word_1_113' title='bbox 1735 2268 1777 2339; x_wconf 89' lang='lat' dir='ltr'><strong>et</strong></span> 
     </span>
     <span class='ocr_line' id='line_1_16' title="bbox 279 2384 1777 2502; baseline -0.002 -28"><span class='ocrx_word' id='word_1_114' title='bbox 279 2391 446 2502; x_wconf 89' lang='lat' dir='ltr'><strong>proprio</strong></span> <span class='ocrx_word' id='word_1_115' title='bbox 486 2389 723 2498; x_wconf 90' lang='lat' dir='ltr'><strong>provinciae</strong></span> <span class='ocrx_word' id='word_1_116' title='bbox 762 2389 1027 2499; x_wconf 84' lang='lat' dir='ltr'><strong>praeceptam</strong></span> <span class='ocrx_word' id='word_1_117' title='bbox 1064 2389 1203 2471; x_wconf 89' lang='lat' dir='ltr'><strong>stricte</strong></span> <span class='ocrx_word' id='word_1_118' title='bbox 1241 2384 1403 2472; x_wconf 80' lang='lat' dir='ltr'><strong>servari</strong></span> <span class='ocrx_word' id='word_1_119' title='bbox 1448 2388 1607 2491; x_wconf 91' lang='lat' dir='ltr'><strong>debere,</strong></span> <span class='ocrx_word' id='word_1_120' title='bbox 1642 2414 1777 2498; x_wconf 91' lang='lat' dir='ltr'><strong>neque</strong></span> 
     </span>
     <span class='ocr_line' id='line_1_17' title="bbox 278 2504 1776 2633; baseline -0.001 -26"><span class='ocrx_word' id='word_1_121' title='bbox 278 2552 464 2633; x_wconf 90' lang='lat' dir='ltr'><strong>unquam</strong></span> <span class='ocrx_word' id='word_1_122' title='bbox 503 2504 663 2606; x_wconf 87' lang='lat' dir='ltr'><strong>licitum</strong></span> <span class='ocrx_word' id='word_1_123' title='bbox 702 2550 811 2623; x_wconf 88' lang='lat' dir='ltr'><strong>csse,</strong></span> <span class='ocrx_word' id='word_1_124' title='bbox 852 2522 1050 2632; x_wconf 85' lang='lat' dir='ltr'><strong>singulari</strong></span> <span class='ocrx_word' id='word_1_125' title='bbox 1096 2532 1139 2602; x_wconf 91' lang='lat' dir='ltr'><strong>ct</strong></span> <span class='ocrx_word' id='word_1_126' title='bbox 1178 2523 1413 2632; x_wconf 83' lang='lat' dir='ltr'><strong>excogitata</strong></span> <span class='ocrx_word' id='word_1_127' title='bbox 1451 2522 1590 2633; x_wconf 88' lang='lat' dir='ltr'><strong>aliqua</strong></span> <span class='ocrx_word' id='word_1_128' title='bbox 1619 2523 1776 2606; x_wconf 85' lang='lat' dir='ltr'><strong>ratione</strong></span> 
     </span>
     <span class='ocr_line' id='line_1_18' title="bbox 278 2654 1774 2763; baseline -0.001 -24"><span class='ocrx_word' id='word_1_129' title='bbox 278 2685 410 2739; x_wconf 89' lang='lat' dir='ltr'><strong>novas</strong></span> <span class='ocrx_word' id='word_1_130' title='bbox 439 2654 775 2737; x_wconf 89' lang='lat' dir='ltr'><strong>benedictionum</strong></span> <span class='ocrx_word' id='word_1_131' title='bbox 805 2655 963 2763; x_wconf 88' lang='lat' dir='ltr'><strong>speeies</strong></span> <span class='ocrx_word' id='word_1_132' title='bbox 993 2654 1217 2736; x_wconf 81' lang='lat' dir='ltr'><strong>efformare·</strong></span> <span class='ocrx_word' id='word_1_133' title='bbox 1238 2665 1280 2736; x_wconf 92' lang='lat' dir='ltr'><strong>et</strong></span> <span class='ocrx_word' id='word_1_134' title='bbox 1308 2654 1518 2738; x_wconf 88' lang='lat' dir='ltr'><strong>adhibere.</strong></span> <span class='ocrx_word' id='word_1_135' title='bbox 1573 2654 1774 2738; x_wconf 89' lang='lat' dir='ltr'><strong>Benedic-</strong></span> 
     </span>
     <span class='ocr_line' id='line_1_19' title="bbox 279 2788 1838 2898; baseline -0.002 -26"><span class='ocrx_word' id='word_1_136' title='bbox 279 2792 413 2872; x_wconf 89' lang='lat' dir='ltr'><strong>tiones</strong></span> <span class='ocrx_word' id='word_1_137' title='bbox 443 2790 610 2897; x_wconf 89' lang='lat' dir='ltr'><strong>insuper</strong></span> <span class='ocrx_word' id='word_1_138' title='bbox 640 2797 750 2869; x_wconf 87' lang='lat' dir='ltr'><strong>recta</strong></span> <span class='ocrx_word' id='word_1_139' title='bbox 781 2797 822 2868; x_wconf 91' lang='lat' dir='ltr'><strong>et</strong></span> <span class='ocrx_word' id='word_1_140' title='bbox 852 2789 921 2896; x_wconf 88' lang='lat' dir='ltr'><strong>pia</strong></span> <span class='ocrx_word' id='word_1_141' title='bbox 950 2788 1184 2869; x_wconf 89' lang='lat' dir='ltr'><strong>intentione</strong></span> <span class='ocrx_word' id='word_1_142' title='bbox 1204 2796 1416 2898; x_wconf 79' lang='lat' dir='ltr'><strong>peragant,</strong></span> <span class='ocrx_word' id='word_1_143' title='bbox 1447 2797 1494 2870; x_wconf 91' lang='lat' dir='ltr'><strong>ut</strong></span> <span class='ocrx_word' id='word_1_144' title='bbox 1515 2816 1591 2870; x_wconf 90' lang='lat' dir='ltr'><strong>suo</strong></span> <span class='ocrx_word' id='word_1_145' title='bbox 1612 2815 1776 2897; x_wconf 92' lang='lat' dir='ltr'><strong>quoque</strong></span> <span class='ocrx_word' id='word_1_146' title='bbox 1834 2860 1838 2869; x_wconf 90' lang='lat'>.</span> 
     </span>
     <span class='ocr_line' id='line_1_20' title="bbox 281 2918 1777 3031; baseline -0.002 -26"><span class='ocrx_word' id='word_1_147' title='bbox 281 2923 428 3005; x_wconf 89' lang='lat' dir='ltr'><strong>merito</strong></span> <span class='ocrx_word' id='word_1_148' title='bbox 473 2929 745 3031; x_wconf 90' lang='lat' dir='ltr'><strong>cooperentur</strong></span> <span class='ocrx_word' id='word_1_149' title='bbox 789 2919 842 3001; x_wconf 93' lang='lat' dir='ltr'><strong>ad</strong></span> <span class='ocrx_word' id='word_1_150' title='bbox 888 2919 1111 3003; x_wconf 89' lang='lat' dir='ltr'><strong>salutarem</strong></span> <span class='ocrx_word' id='word_1_151' title='bbox 1156 2919 1393 3002; x_wconf 89' lang='lat' dir='ltr'><strong>earumdem</strong></span> <span class='ocrx_word' id='word_1_152' title='bbox 1424 2919 1627 3002; x_wconf 90' lang='lat' dir='ltr'><strong>effectum.</strong></span> <span class='ocrx_word' id='word_1_153' title='bbox 1694 2918 1777 3004; x_wconf 84' lang='lat' dir='ltr'><strong>Sed</strong></span> 
     </span>
     <span class='ocr_line' id='line_1_21' title="bbox 280 3050 1775 3164; baseline -0.003 -26"><span class='ocrx_word' id='word_1_154' title='bbox 280 3057 406 3139; x_wconf 89' lang='lat' dir='ltr'><strong>etiam</strong></span> <span class='ocrx_word' id='word_1_155' title='bbox 436 3053 637 3164; x_wconf 92' lang='lat' dir='ltr'><strong>populum</strong></span> <span class='ocrx_word' id='word_1_156' title='bbox 669 3050 747 3135; x_wconf 91' lang='lat' dir='ltr'><strong>sibi</strong></span> <span class='ocrx_word' id='word_1_157' title='bbox 770 3053 1046 3135; x_wconf 68' lang='lat' dir='ltr'><strong>‘commissum</strong></span> <span class='ocrx_word' id='word_1_158' title='bbox 1073 3050 1271 3152; x_wconf 88' lang='lat' dir='ltr'><strong>erudiant,</strong></span> <span class='ocrx_word' id='word_1_159' title='bbox 1304 3080 1387 3160; x_wconf 90' lang='lat' dir='ltr'><strong>qua</strong></span> <span class='ocrx_word' id='word_1_160' title='bbox 1414 3063 1553 3134; x_wconf 88' lang='lat' dir='ltr'><strong>mente</strong></span> <span class='ocrx_word' id='word_1_161' title='bbox 1581 3051 1775 3136; x_wconf 88' lang='lat' dir='ltr'><strong>benedic·</strong></span> 
     </span>
     <span class='ocr_line' id='line_1_22' title="bbox 279 3182 1778 3294; baseline -0.004 -23"><span class='ocrx_word' id='word_1_162' title='bbox 279 3190 441 3272; x_wconf 91' lang='lat' dir='ltr'><strong>tionum</strong></span> <span class='ocrx_word' id='word_1_163' title='bbox 471 3188 664 3268; x_wconf 77' lang='lat' dir='ltr'><strong>virtutem</strong></span> <span class='ocrx_word' id='word_1_164' title='bbox 694 3186 899 3293; x_wconf 89' lang='lat' dir='ltr'><strong>requirere</strong></span> <span class='ocrx_word' id='word_1_165' title='bbox 937 3194 1136 3293; x_wconf 88' lang='lat' dir='ltr'><strong>oporteat.</strong></span> <span class='ocrx_word' id='word_1_166' title='bbox 1204 3182 1343 3284; x_wconf 81' lang='lat' dir='ltr'><strong>Quum</strong></span> <span class='ocrx_word' id='word_1_167' title='bbox 1383 3185 1493 3267; x_wconf 91' lang='lat' dir='ltr'><strong>enim</strong></span> <span class='ocrx_word' id='word_1_168' title='bbox 1532 3212 1617 3266; x_wconf 91' lang='lat' dir='ltr'><strong>non</strong></span> <span class='ocrx_word' id='word_1_169' title='bbox 1655 3185 1778 3294; x_wconf 89' lang='lat' dir='ltr'><strong>pauci</strong></span> 
     </span>
     <span class='ocr_line' id='line_1_23' title="bbox 281 3315 1777 3415; baseline -0.004 -10"><span class='ocrx_word' id='word_1_170' title='bbox 281 3321 333 3405; x_wconf 89' lang='lat' dir='ltr'><strong>de</strong></span> <span class='ocrx_word' id='word_1_171' title='bbox 363 3316 719 3408; x_wconf 84' lang='lat' dir='ltr'><strong>benedictionibus</strong></span> <span class='ocrx_word' id='word_1_172' title='bbox 747 3318 885 3400; x_wconf 92' lang='lat' dir='ltr'><strong>minus</strong></span> <span class='ocrx_word' id='word_1_173' title='bbox 921 3327 1030 3399; x_wconf 88' lang='lat' dir='ltr'><strong>reete</strong></span> <span class='ocrx_word' id='word_1_174' title='bbox 1069 3317 1265 3415; x_wconf 83' lang='lat' dir='ltr'><strong>sentiant,</strong></span> <span class='ocrx_word' id='word_1_175' title='bbox 1307 3325 1382 3398; x_wconf 90' lang='lat' dir='ltr'><strong>aut</strong></span> <span class='ocrx_word' id='word_1_176' title='bbox 1422 3345 1562 3400; x_wconf 88' lang='lat' dir='ltr'><strong>earum</strong></span> <span class='ocrx_word' id='word_1_177' title='bbox 1599 3315 1777 3399; x_wconf 83' lang='lat' dir='ltr'><strong>fluctum</strong></span> 
     </span>
     <span class='ocr_line' id='line_1_24' title="bbox 283 3448 1778 3564; baseline -0.004 -28"><span class='ocrx_word' id='word_1_178' title='bbox 283 3452 588 3564; x_wconf 88' lang='lat' dir='ltr'><strong>vilipendendo,</strong></span> <span class='ocrx_word' id='word_1_179' title='bbox 619 3461 691 3533; x_wconf 90' lang='lat' dir='ltr'><strong>aut</strong></span> <span class='ocrx_word' id='word_1_180' title='bbox 721 3450 1011 3561; x_wconf 87' lang='lat' dir='ltr'><strong>exaggerando</strong></span> <span class='ocrx_word' id='word_1_181' title='bbox 1041 3450 1255 3532; x_wconf 82' lang='lat' dir='ltr'><strong>virtutem:</strong></span> <span class='ocrx_word' id='word_1_182' title='bbox 1287 3449 1339 3531; x_wconf 89' lang='lat' dir='ltr'><strong>de</strong></span> <span class='ocrx_word' id='word_1_183' title='bbox 1371 3478 1506 3550; x_wconf 91' lang='lat' dir='ltr'><strong>sensu,</strong></span> <span class='ocrx_word' id='word_1_184' title='bbox 1537 3448 1711 3532; x_wconf 84' lang='lat' dir='ltr'><strong>ulilitate</strong></span> <span class='ocrx_word' id='word_1_185' title='bbox 1735 3457 1778 3531; x_wconf 88' lang='lat' dir='ltr'><strong>et</strong></span> 
     </span>
     <span class='ocr_line' id='line_1_25' title="bbox 283 3578 1775 3701; baseline -0.004 -31"><span class='ocrx_word' id='word_1_186' title='bbox 283 3588 451 3701; x_wconf 90' lang='lat' dir='ltr'><strong>propria</strong></span> <span class='ocrx_word' id='word_1_187' title='bbox 480 3587 522 3668; x_wconf 91' lang='lat' dir='ltr'><strong>vi</strong></span> <span class='ocrx_word' id='word_1_188' title='bbox 551 3584 713 3666; x_wconf 90' lang='lat' dir='ltr'><strong>illarum</strong></span> <span class='ocrx_word' id='word_1_189' title='bbox 745 3583 1057 3694; x_wconf 83' lang='lat' dir='ltr'><strong>diligentissime</strong></span> <span class='ocrx_word' id='word_1_190' title='bbox 1087 3582 1264 3665; x_wconf 90' lang='lat' dir='ltr'><strong>docendi</strong></span> <span class='ocrx_word' id='word_1_191' title='bbox 1295 3593 1391 3665; x_wconf 91' lang='lat' dir='ltr'><strong>sunt</strong></span> <span class='ocrx_word' id='word_1_192' title='bbox 1420 3593 1546 3692; x_wconf 88' lang='lat' dir='ltr'><strong>atque</strong></span> <span class='ocrx_word' id='word_1_193' title='bbox 1565 3578 1775 3682; x_wconf 87' lang='lat' dir='ltr'><strong>monendi,</strong></span> 
     </span>
     <span class='ocr_line' id='line_1_26' title="bbox 281 3713 1775 3827; baseline -0.005 -24"><span class='ocrx_word' id='word_1_194' title='bbox 281 3731 328 3803; x_wconf 93' lang='lat' dir='ltr'><strong>ut</strong></span> <span class='ocrx_word' id='word_1_195' title='bbox 356 3719 459 3820; x_wconf 87' lang='lat' dir='ltr'><strong>illas,</strong></span> <span class='ocrx_word' id='word_1_196' title='bbox 488 3745 597 3827; x_wconf 88' lang='lat' dir='ltr'><strong>quae</strong></span> <span class='ocrx_word' id='word_1_197' title='bbox 627 3718 670 3798; x_wconf 91' lang='lat' dir='ltr'><strong>in</strong></span> <span class='ocrx_word' id='word_1_198' title='bbox 700 3715 846 3800; x_wconf 88' lang='lat' dir='ltr'><strong>officiis</strong></span> <span class='ocrx_word' id='word_1_199' title='bbox 876 3714 1026 3798; x_wconf 88' lang='lat' dir='ltr'><strong>divinis</strong></span> <span class='ocrx_word' id='word_1_200' title='bbox 1056 3713 1313 3816; x_wconf 83' lang='lat' dir='ltr'><strong>exhibentur,</strong></span> <span class='ocrx_word' id='word_1_201' title='bbox 1354 3714 1536 3825; x_wconf 90' lang='lat' dir='ltr'><strong>piissime</strong></span> <span class='ocrx_word' id='word_1_202' title='bbox 1565 3714 1775 3824; x_wconf 86' lang='lat' dir='ltr'><strong>recipiant,</strong></span> 
     </span>
     <span class='ocr_line' id='line_1_27' title="bbox 282 3844 1775 3963; baseline -0.004 -28"><span class='ocrx_word' id='word_1_203' title='bbox 282 3881 388 3963; x_wconf 88' lang='lat' dir='ltr'><strong>quae</strong></span> <span class='ocrx_word' id='word_1_204' title='bbox 417 3850 625 3933; x_wconf 89' lang='lat' dir='ltr'><strong>interdum</strong></span> <span class='ocrx_word' id='word_1_205' title='bbox 656 3877 730 3959; x_wconf 91' lang='lat' dir='ltr'><strong>per</strong></span> <span class='ocrx_word' id='word_1_206' title='bbox 759 3849 978 3933; x_wconf 90' lang='lat' dir='ltr'><strong>decursum</strong></span> <span class='ocrx_word' id='word_1_207' title='bbox 1007 3847 1207 3930; x_wconf 78' lang='lat' dir='ltr'><strong>festonim</strong></span> <span class='ocrx_word' id='word_1_208' title='bbox 1236 3847 1303 3929; x_wconf 88' lang='lat' dir='ltr'><strong>vel</strong></span> <span class='ocrx_word' id='word_1_209' title='bbox 1333 3847 1388 3935; x_wconf 92' lang='lat' dir='ltr'><strong>ob</strong></span> <span class='ocrx_word' id='word_1_210' title='bbox 1428 3846 1628 3957; x_wconf 88' lang='lat' dir='ltr'><strong>speciales</strong></span> <span class='ocrx_word' id='word_1_211' title='bbox 1666 3844 1775 3929; x_wconf 87' lang='lat' dir='ltr'><strong>indi·</strong></span> 
     </span>
     <span class='ocr_line' id='line_1_28' title="bbox 287 3976 1775 4098; baseline -0.002 -32"><span class='ocrx_word' id='word_1_212' title='bbox 287 3984 449 4098; x_wconf 85' lang='lat' dir='ltr'><strong>gentias</strong></span> <span class='ocrx_word' id='word_1_213' title='bbox 489 3981 736 4083; x_wconf 91' lang='lat' dir='ltr'><strong>offeruntur,</strong></span> <span class='ocrx_word' id='word_1_214' title='bbox 776 3992 917 4065; x_wconf 89' lang='lat' dir='ltr'><strong>sancte</strong></span> <span class='ocrx_word' id='word_1_215' title='bbox 958 3989 1167 4090; x_wconf 90' lang='lat' dir='ltr'><strong>quaerant,</strong></span> <span class='ocrx_word' id='word_1_216' title='bbox 1198 3991 1239 4062; x_wconf 90' lang='lat' dir='ltr'><strong>et</strong></span> <span class='ocrx_word' id='word_1_217' title='bbox 1268 3979 1370 4062; x_wconf 92' lang='lat' dir='ltr'><strong>dum</strong></span> <span class='ocrx_word' id='word_1_218' title='bbox 1400 3976 1775 4071; x_wconf 81' lang='lat' dir='ltr'><strong>Sacramentalibus</strong></span> 
     </span>
     <span class='ocr_line' id='line_1_29' title="bbox 285 4113 1777 4224; baseline -0.004 -24"><span class='ocrx_word' id='word_1_219' title='bbox 285 4127 467 4216; x_wconf 92' lang='lat' dir='ltr'><strong>utuntur,</strong></span> <span class='ocrx_word' id='word_1_220' title='bbox 503 4115 663 4197; x_wconf 89' lang='lat' dir='ltr'><strong>interna</strong></span> <span class='ocrx_word' id='word_1_221' title='bbox 693 4113 828 4198; x_wconf 89' lang='lat' dir='ltr'><strong>cordis</strong></span> <span class='ocrx_word' id='word_1_222' title='bbox 858 4115 1078 4198; x_wconf 89' lang='lat' dir='ltr'><strong>devotione</strong></span> <span class='ocrx_word' id='word_1_223' title='bbox 1108 4143 1157 4197; x_wconf 89' lang='lat' dir='ltr'><strong>ea</strong></span> <span class='ocrx_word' id='word_1_224' title='bbox 1194 4114 1349 4224; x_wconf 90' lang='lat' dir='ltr'><strong>optime</strong></span> <span class='ocrx_word' id='word_1_225' title='bbox 1378 4124 1517 4224; x_wconf 84' lang='lat' dir='ltr'><strong>agant,</strong></span> <span class='ocrx_word' id='word_1_226' title='bbox 1559 4139 1665 4222; x_wconf 89' lang='lat' dir='ltr'><strong>quae</strong></span> <span class='ocrx_word' id='word_1_227' title='bbox 1702 4139 1777 4220; x_wconf 89' lang='lat' dir='ltr'><strong>per</strong></span> 
     </span>
     <span class='ocr_line' id='line_1_30' title="bbox 282 4243 1774 4357; baseline -0.005 -25"><span class='ocrx_word' id='word_1_228' title='bbox 282 4251 407 4333; x_wconf 86' lang='lat' dir='ltr'><strong>ritum</strong></span> <span class='ocrx_word' id='word_1_229' title='bbox 436 4257 603 4329; x_wconf 89' lang='lat' dir='ltr'><strong>externe</strong></span> <span class='ocrx_word' id='word_1_230' title='bbox 633 4245 918 4357; x_wconf 83' lang='lat' dir='ltr'><strong>significantur</strong></span> <span class='ocrx_word' id='word_1_231' title='bbox 948 4258 990 4330; x_wconf 91' lang='lat' dir='ltr'><strong>et</strong></span> <span class='ocrx_word' id='word_1_232' title='bbox 1019 4275 1091 4356; x_wconf 92' lang='lat' dir='ltr'><strong>per</strong></span> <span class='ocrx_word' id='word_1_233' title='bbox 1109 4247 1350 4330; x_wconf 29' lang='lat' dir='ltr'><strong>‘Ecclesiam</strong></span> <span class='ocrx_word' id='word_1_234' title='bbox 1367 4243 1655 4329; x_wconf 76' lang='lat' dir='ltr'><strong>‘benedicendo</strong></span> <span class='ocrx_word' id='word_1_235' title='bbox 1676 4271 1774 4326; x_wconf 87' lang='lat' dir='ltr'><strong>exo·</strong></span> 
     </span>
     <span class='ocr_line' id='line_1_31' title="bbox 283 4392 436 4466; baseline -0.033 0"><span class='ocrx_word' id='word_1_236' title='bbox 283 4392 436 4466; x_wconf 91' lang='lat' dir='ltr'><strong>rantur.</strong></span> 
     </span>
    </p>
   </div>
   <div class='ocr_carea' id='block_1_4' title="bbox 400 4552 1776 4665">
    <p class='ocr_par' dir='ltr' id='par_1_4' title="bbox 400 4552 1776 4665">
     <span class='ocr_line' id='line_1_32' title="bbox 400 4552 1776 4665; baseline -0.001 -29"><span class='ocrx_word' id='word_1_237' title='bbox 400 4557 439 4636; x_wconf 79' lang='lat'><strong>2.</strong></span> <span class='ocrx_word' id='word_1_238' title='bbox 472 4552 574 4637; x_wconf 89' lang='lat' dir='ltr'><strong>Fide</strong></span> <span class='ocrx_word' id='word_1_239' title='bbox 605 4553 828 4652; x_wconf 87' lang='lat' dir='ltr'><strong>credimus,</strong></span> <span class='ocrx_word' id='word_1_240' title='bbox 859 4554 952 4636; x_wconf 91' lang='lat' dir='ltr'><strong>Deo</strong></span> <span class='ocrx_word' id='word_1_241' title='bbox 982 4554 1244 4665; x_wconf 89' lang='lat' dir='ltr'><strong>permittente</strong></span> <span class='ocrx_word' id='word_1_242' title='bbox 1273 4552 1407 4635; x_wconf 89' lang='lat' dir='ltr'><strong>malos</strong></span> <span class='ocrx_word' id='word_1_243' title='bbox 1438 4553 1662 4636; x_wconf 89' lang='lat' dir='ltr'><strong>daemones</strong></span> <span class='ocrx_word' id='word_1_244' title='bbox 1691 4579 1776 4634; x_wconf 90' lang='lat' dir='ltr'><strong>non</strong></span> 
     </span>
    </p>
   </div>
   <div class='ocr_carea' id='block_1_5' title="bbox 285 4816 1779 5199">
    <p class='ocr_par' dir='ltr' id='par_1_5' title="bbox 285 4816 1779 5199">
     <span class='ocr_line' id='line_1_33' title="bbox 285 4816 1776 4938; baseline -0.001 -36"><span class='ocrx_word' id='word_1_245' title='bbox 285 4830 327 4902; x_wconf 90' lang='lat' dir='ltr'><strong>et</strong></span> <span class='ocrx_word' id='word_1_246' title='bbox 361 4818 531 4902; x_wconf 91' lang='lat' dir='ltr'><strong>morbos</strong></span> <span class='ocrx_word' id='word_1_247' title='bbox 569 4820 614 4901; x_wconf 92' lang='lat' dir='ltr'><strong>in</strong></span> <span class='ocrx_word' id='word_1_248' title='bbox 652 4818 741 4902; x_wconf 88' lang='lat' dir='ltr'><strong>istis</strong></span> <span class='ocrx_word' id='word_1_249' title='bbox 770 4829 813 4900; x_wconf 92' lang='lat' dir='ltr'><strong>et</strong></span> <span class='ocrx_word' id='word_1_250' title='bbox 841 4818 995 4902; x_wconf 87' lang='lat' dir='ltr'><strong>damna</strong></span> <span class='ocrx_word' id='word_1_251' title='bbox 1024 4820 1069 4901; x_wconf 91' lang='lat' dir='ltr'><strong>in</strong></span> <span class='ocrx_word' id='word_1_252' title='bbox 1097 4819 1188 4902; x_wconf 83' lang='lat' dir='ltr'><strong>aliis</strong></span> <span class='ocrx_word' id='word_1_253' title='bbox 1218 4817 1414 4938; x_wconf 76' lang='lat' dir='ltr'><strong>creatruis</strong></span> <span class='ocrx_word' id='word_1_254' title='bbox 1452 4816 1614 4901; x_wconf 89' lang='lat' dir='ltr'><strong>efficere</strong></span> <span class='ocrx_word' id='word_1_255' title='bbox 1642 4844 1776 4927; x_wconf 88' lang='lat' dir='ltr'><strong>posse,</strong></span> 
     </span>
     <span class='ocr_line' id='line_1_34' title="bbox 287 4949 1779 5060; baseline -0.004 -24"><span class='ocrx_word' id='word_1_256' title='bbox 287 4961 329 5036; x_wconf 90' lang='lat' dir='ltr'><strong>et</strong></span> <span class='ocrx_word' id='word_1_257' title='bbox 367 4951 573 5034; x_wconf 90' lang='lat' dir='ltr'><strong>interdum</strong></span> <span class='ocrx_word' id='word_1_258' title='bbox 613 4953 776 5035; x_wconf 86' lang='lat' dir='ltr'><strong>occulto</strong></span> <span class='ocrx_word' id='word_1_259' title='bbox 815 4950 895 5033; x_wconf 92' lang='lat' dir='ltr'><strong>Dei</strong></span> <span class='ocrx_word' id='word_1_260' title='bbox 927 4952 1086 5060; x_wconf 90' lang='lat' dir='ltr'><strong>judicio</strong></span> <span class='ocrx_word' id='word_1_261' title='bbox 1126 4979 1268 5034; x_wconf 89' lang='lat' dir='ltr'><strong>revera</strong></span> <span class='ocrx_word' id='word_1_262' title='bbox 1307 4950 1478 5060; x_wconf 86' lang='lat' dir='ltr'><strong>operari.</strong></span> <span class='ocrx_word' id='word_1_263' title='bbox 1539 4949 1660 5033; x_wconf 88' lang='lat' dir='ltr'><strong>Victo</strong></span> <span class='ocrx_word' id='word_1_264' title='bbox 1704 4975 1779 5059; x_wconf 88' lang='lat' dir='ltr'><strong>per</strong></span> 
     </span>
     <span class='ocr_line' id='line_1_35' title="bbox 286 5081 1778 5199; baseline -0.004 -25"><span class='ocrx_word' id='word_1_265' title='bbox 286 5082 502 5174; x_wconf 81' lang='lat' dir='ltr'><strong>Christum</strong></span> <span class='ocrx_word' id='word_1_266' title='bbox 522 5083 845 5197; x_wconf 88' lang='lat' dir='ltr'><strong>Redemptorem</strong></span> <span class='ocrx_word' id='word_1_267' title='bbox 873 5085 1038 5172; x_wconf 90' lang='lat' dir='ltr'><strong>diabolo</strong></span> <span class='ocrx_word' id='word_1_268' title='bbox 1059 5085 1334 5199; x_wconf 89' lang='lat' dir='ltr'><strong>operibusque</strong></span> <span class='ocrx_word' id='word_1_269' title='bbox 1363 5085 1452 5199; x_wconf 89' lang='lat' dir='ltr'><strong>ejus</strong></span> <span class='ocrx_word' id='word_1_270' title='bbox 1481 5081 1627 5168; x_wconf 87' lang='lat' dir='ltr'><strong>solutis</strong></span> <span class='ocrx_word' id='word_1_271' title='bbox 1656 5082 1778 5168; x_wconf 84' lang='lat' dir='ltr'><strong>raris·</strong></span> 
     </span>
    </p>
   </div>
   <div class='ocr_carea' id='block_1_6' title="bbox 0 0 1993 5956">
    <p class='ocr_par' dir='ltr' id='par_1_6' title="bbox 0 0 1993 5956">
     <span class='ocr_line' id='line_1_36' title="bbox 0 0 1993 5956; baseline 0 0"><span class='ocrx_word' id='word_1_272' title='bbox 0 0 1993 5956; x_wconf 95' lang='lat' dir='ltr'><strong> </strong></span> 
     </span>
    </p>
   </div>
  </div>
 </body>
</html>
