3960 5956
510 522 569 577 lte
587 519 783 593 prestans
802 533 877 590 pro
893 520 1130 589 nectem·
1142 520 1306 578 ostiens
1323 521 1584 592 per-sanein.

169 747 172 752 .
398 686 548 751 Actiones
570 687 744 771 synodales
765 687 1061 775 congregationum
1075 689 1242 776 finientur
1261 690 1299 752 ia
1319 689 1456 771 quolibet
1477 711 1627 755 maresco
1643 692 1793 772 precibus

297 796 502 877 sequentibus
518 816 581 877 per
602 795 795 859 Procridem
816 795 979 859 dicendis:

397 902 608 985 Antiphone:
637 900 800 966 Confirma
823 900 884 965 hoc
904 901 1006 985 Deus,
1028 901 1115 987 quod
1138 912 1288 988 operatus
1303 923 1338 966 es
1353 904 1387 966 in
1401 901 1494 967 nobis
1509 924 1529 967 a
1544 902 1664 990 templo
1679 911 1791 967 sancto

297 1009 377 1093 Tuo,
400 1007 487 1095 quod
508 1012 558 1074 est
577 1010 612 1074 in
631 1002 824 1074 Jemsalem.
918 1002 925 1039 ¹
979 1091 980 1094 Ἴ

405 1117 443 1183 V.
476 1115 713 1180 Benedicamus
735 1115 864 1178 Putrem
886 1123 919 1179 et
938 1115 1057 1180 Filium
1079 1138 1152 1181 cum
1174 1103 1285 1182 sancto
1306 1118 1438 1203 spiritu.
1496 1104 1497 1107 Ἴ

398 1226 442 1289 R.
475 1223 660 1288 Laudemus
682 1232 714 1287 et
736 1220 1012 1308 superexaltemus
1033 1223 1117 1288 Eum
1139 1226 1172 1288 in
1194 1223 1334 1290 saecula

276 1360 281 1392 ⁵
400 1380 585 1446 Oramus.
629 1381 735 1461 Deus,
769 1379 856 1468 apud
888 1402 984 1466 quem
1015 1400 1075 1465 pro
1106 1383 1268 1467 perceptis
1300 1379 1393 1446 donis
1424 1379 1587 1466 gratitudo
1609 1400 1723 1446 secura
1744 1388 1794 1446 est

300 1486 433 1579 alterim
448 1487 597 1553 beneficii
619 1490 817 1574 impetratio:
840 1484 996 1567 danobis
1019 1486 1134 1572 dignas
1155 1486 1230 1553 Tibi
1251 1509 1309 1573 pro
1330 1486 1455 1554 collahs
1476 1486 1643 1555 beneficiis
1671 1492 1793 1575 gratias

298 1595 492 1682 rependere,
520 1604 557 1660 ut
584 1597 837 1661 misericordiam
863 1596 968 1668 liram
997 1594 1039 1662 ad
1064 1593 1276 1680 impertienda
1297 1594 1390 1661 nobis
1419 1616 1505 1662 nova
1529 1595 1616 1663 bona
1640 1616 1793 1684 provoce-

299 1724 382 1770 mus.
425 1703 490 1769 Per
513 1703 677 1769 Christum
701 1704 874 1769 Dominum
896 1711 1049 1768 nochum.
1089 1704 1137 1776 R·
1170 1703 1285 1768 Amen.

398 1860 448 1925 In
483 1858 670 1924 honorem
706 1860 744 1925 B.
776 1859 964 1943 Virginis
995 1858 1181 1923 Mariae.
1232 1860 1347 1924 Oratio
1369 1840 1416 1924 ao'
1438 1860 1793 1926 omaibasrecitaada:

298 1965 368 2033 Sub
401 1976 491 2032 tuum
524 1967 721 2054 praesidium
753 1967 976 2053 confligimus,
1009 1976 1121 2032 sancta
1153 1967 1215 2031 Dei
1242 1965 1403 2034 Cenitrix:
1436 1976 1569 2033 nostras·
1595 1967 1792 2053 deprecatio-

301 2095 360 2139 nes
382 2096 423 2140 ne
445 2074 606 2161 despicias
629 2078 661 2140 in
689 2074 937 2140 necessitatibus
965 2063 1099 2157 nostris3
1133 2073 1191 2138 sed
1219 2095 1240 2138 a
1268 2067 1419 2159 periculis
1447 2076 1572 2140 cunctis
1599 2063 1703 2140 libera
1734 2096 1793 2139 nos

299 2203 428 2270 semper
449 2182 550 2267 Virgo
580 2183 723 2269 gloriosa
755 2193 788 2248 et
809 2183 990 2248 benedicta
1012 2182 1153 2247 Domina
1173 2190 1300 2266 nostra,
1332 2181 1506 2247 Mediatrix
1527 2190 1651 2266 nostra,
1683 2182 1793 2248 Advo-

299 2297 373 2357 cata
404 2299 544 2356 nostrae
562 2300 617 2357 tuo
649 2291 731 2357 Filio
764 2315 823 2357 nos
857 2290 1038 2374 reconcilia,
1072 2298 1126 2355 tuo
1148 2288 1230 2354 Filio
1253 2313 1311 2355 nos
1332 2288 1533 2374 commenda,
1554 2298 1609 2356 hro
1630 2288 1712 2356 Filio
1733 2312 1792 2356 nos

302 2406 522 2483 repraesenta.

405 2506 443 2572 V.
476 2505 608 2594 Vultum
630 2514 720 2570 tuum
745 2503 1017 2592 deprecabuntur.

399 2612 598 2708 R901nncs
622 2613 739 2698 divites
761 2612 877 2700 plebis.

395 2762 572 2829 Oramus.
617 2762 782 2844 Defende,
816 2747 1012 2848 quaesumus
1045 2760 1201 2841 Domine,
1235 2759 1344 2846 beata,
1363 2759 1468 2825 Maria
1500 2781 1629 2846 semper
1658 2760 1793 2846 Virgine

298 2870 516 2934 intercedente
541 2872 636 2934 istam
662 2869 706 2933 ab
730 2872 817 2934 omni
842 2869 1040 2933 adversitate
1062 2866 1235 2932 familiam:
1258 2876 1291 2931 et
1311 2875 1377 2932 toto
1398 2866 1496 2933 corde
1509 2866 1585 2933 Tibi
1599 2875 1792 2955 prostratam

298 2974 342 3040 ab
355 2976 495 3042 hostium
517 2979 675 3063 propitius
697 2985 788 3042 tuere
809 2976 984 3040 clementer
1004 2973 1139 3039 insidiis.
1173 2974 1237 3038 Per
1258 2973 1422 3038 Christum
1445 2973 1619 3039 Dominum
1640 2981 1794 3041 nostrum.

299 3085 334 3148 R
376 3085 553 3258 Aliliiinnm
575 3190 731 3256 auxilium
754 3193 796 3255 sit
815 3212 947 3276 semper
967 3187 1145 3254 nobiscum.
1196 3190 1241 3253 R.
1265 3189 1380 3254 Amen.

735 3440 794 3496 De
812 3439 947 3510 prim
968 3436 1161 3495 sustene
1179 3436 1358 3507 publiea.

307 3584 312 3593 ’
398 3603 424 3670 l.
469 3605 567 3671 Festo
592 3605 643 3671 Ss.
670 3605 818 3670 Nominis
844 3605 882 3670 Β.
909 3606 1053 3691 Virginis
1079 3605 1219 3688 Mariae,
1247 3604 1333 3691 quod
1362 3603 1424 3694 hoc
1449 3624 1533 3670 anno
1561 3603 1675 3670 incidit
1694 3605 1728 3670 in
1759 3605 1789 3669 9.

299 3711 509 3798 Septembris,
531 3713 710 3778 Concilium
737 3715 921 3800 provinciae
936 3716 1052 3796 *primo
1073 3714 1222 3777 sessione
1239 3711 1371 3794 putea
1392 3710 1604 3777 inchoabitur.

399 3822 427 3885 1.
455 3821 545 3885 Hora
567 3820 635 3886 sere
650 3821 789 3884 dinamio
809 3827 922 3883 octava
943 3821 1106 3884 matutino
1127 3818 1240 3884 Patres
1262 3821 1455 3885 convenient
1475 3822 1510 3886 in
1531 3819 1648 3885 sacello
1663 3819 1791 3884 aedium
1839 3859 1844 3863 -

213 3996 216 4005 ,
299 3927 637 4015 archiepiscopalium
680 3926 794 4013 reliqui
829 3926 872 3991 ad
905 3927 1072 4012 Synodum
1097 3930 1219 4010 vocati,
1248 3936 1281 3993 et
1307 3934 1462 4014 quotquot
1487 3949 1506 3991 e
1529 3926 1623 3993 Claro
1652 3927 1793 3993 civitatis

299 4043 367 4100 tum
394 4035 568 4119 saeculari,
589 4043 657 4101 tum
679 4033 819 4121 regulari
841 4033 883 4098 ad
906 4034 1140 4101 sollennitatem
1162 4036 1335 4101 convenire
1357 4040 1515 4119 poterunt,
1540 4032 1676 4099 adibunt
1697 4033 1793 4098 eccle-

297 4144 384 4208 siam
403 4143 702 4228 usetropolitaaam3
730 4143 815 4209 unde
839 4146 933 4208 tertio
955 4144 1139 4227 quadrante
1160 4145 1205 4206 ad
1227 4152 1371 4208 comeam
1400 4140 1601 4208 ordinabitur
1621 4143 1792 4207 Puoceaeio

299 4251 378 4318 oleri
399 4250 443 4315 ad
464 4249 571 4315 aulam
593 4250 827 4337 Metropolitae.

398 4359 427 4423 2.
460 4358 592 4423 Interim
614 4379 792 4445 campanae
814 4360 955 4423 omnium
984 4359 1125 4424 civitatis
1153 4356 1365 4422 ecclesiarum
1387 4354 1603 4443 pulsabuntur
1623 4378 1727 4443 usque
1749 4356 1793 4423 ad

300 4467 472 4532 dimidiam
492 4487 621 4530 mam.

400 4599 442 4665 11.
477 4598 566 4665 Ordo
588 4600 814 4664 Processioois
836 4620 976 4686 sequens
998 4600 1075 4663 erit:

402 4708 430 4771 1.
468 4707 694 4773 Praclmentur
728 4707 849 4775 vexilla
884 4729 958 4773 cum
997 4705 1137 4771 umbella
1172 4704 1436 4792 metropolitanae
1471 4704 1646 4786 ecclesiac3
1681 4724 1792 4790 proce·
1837 4716 1839 4720 “

299 4813 379 4907 dent
400 4835 477 4882 mox

288 4912 357 5045 ff,
398 4924 428 4988 2.
463 4922 641 5010 Regulares
663 4947 701 4990 eo
724 4924 845 5005 ordine,
874 4930 970 5008 prout
992 4923 1025 4985 in
1047 4921 1256 4986 Processione
1285 4920 1496 5008 theophorica
1523 4921 1622 4986 moris
1643 4927 1709 5000 est3

398 5031 428 5095 3.
451 5030 569 5097 Clerici
581 5030 773 5117 saeculares,
786 5035 840 5120 qui
852 5031 918 5097 sors
928 5029 971 5096 ad
982 5027 1217 5096 sollennitatem
1233 5031 1434 5112 convenient,
1449 5037 1481 5092 et
1495 5027 1632 5095 Parochi
1642 5027 1794 5093 civitatis.

399 5141 428 5204 4.
461 5138 686 5206 Subdiu-conus
708 5162 780 5206 cum
803 5139 906 5206 Cruce
929 5136 1069 5224 Capituli
1091 5135 1325 5224 metropolitani
1347 5144 1381 5202 et
1402 5135 1465 5202 duo
1487 5133 1695 5220 Ceroicrarii3
