3960 5956
296 341 339 402 20

245 623 247 626 Α
285 539 385 623 inde
410 541 463 622 ad
494 541 729 649 augendam
763 539 1015 638 Clericorum
1034 541 1325 650 perfectionem
1358 570 1431 649 per
1452 530 1637 650 singulas
1662 539 1786 650 hujus

271 674 523 780 provinciae
553 672 761 754 dioeceses
790 660 1067 756 introductam
1088 674 1279 781 synodali
1298 673 1379 755 hoc
1400 672 1562 755 decreto
1591 671 1782 782 religiose

285 804 529 887 servandam
561 805 780 906 declarant,
811 817 852 886 et
881 803 936 886 ad
966 806 1190 914 capiendos
1216 790 1441 888 auxiliante
1462 805 1646 888 Domino
1667 803 1777 886 fruo-

284 946 350 1018 tus
381 937 588 1019 uberiores
619 939 833 1045 sequentia
863 939 1030 1045 insuper
1059 937 1304 1021 decernunt:

404 1102 512 1184 Cmn
563 1103 684 1211 hujus
739 1105 976 1210 provinciae
1037 1103 1244 1186 dioeceses
1294 1105 1416 1185 nimis
1466 1103 1546 1183 late
1606 1111 1775 1209 pateant

287 1235 403 1334 adeo,
434 1246 481 1315 ut
495 1215 594 1315 'uon
624 1237 746 1342 pauci
767 1237 997 1316 animarum
1018 1247 1202 1343 pastores
1223 1220 1528 1343 prohibeantur,
1559 1235 1782 1342 quominus

290 1369 482 1448 exercitia
511 1369 553 1447 in
585 1367 819 1478 civitatibus
850 1367 1152 1449 cathedralibus
1183 1369 1325 1476 peragi
1356 1367 1476 1482 solita
1505 1366 1676 1447 adeant:
1708 1394 1782 1446 cu-

287 1498 438 1579 rabunt
468 1499 676 1607 Episcopi,
708 1510 753 1579 ut
782 1511 984 1606 quantum
1013 1500 1099 1581 lieri
1130 1500 1289 1606 poterit,
1321 1499 1364 1578 in
1393 1497 1485 1585 aliis
1514 1499 1639 1579 etiam
1666 1497 1782 1579 dioe-

287 1632 440 1711 cesimn
473 1631 707 1711 civitatibus
737 1642 778 1711 et
807 1631 908 1711 locis
940 1632 1182 1740 opportunis
1204 1630 1366 1721 ,eadem
1406 1628 1598 1711 exercitia
1637 1629 1780 1712 haberi

286 1774 327 1844 et
357 1763 575 1875 commode
606 1764 853 1870 frequentari
884 1764 1054 1871 possint.
1125 1789 1129 1797 ·

403 1927 467 2009 Ne
508 1927 657 2010 Clerici
707 1928 828 2009 nimis
878 1957 1099 2037 pauperes,
1140 1931 1211 2037 qui
1260 1929 1477 2038 longioris·
1507 1929 1662 2009 itineris
1710 1939 1783 2009 aut

286 2062 593 2143 sustentationis
624 2088 824 2169 expensas
855 2061 1013 2145 solvere
1042 2091 1127 2143 non
1157 2073 1341 2170 possunt,
1372 2062 1480 2143 sacri·
1506 2087 1690 2141 recessus
1709 2059 1783 2141 be·

286 2194 434 2274 neticio
474 2195 705 2301 priventur:
747 2193 1024 2302 providebunt
1063 2193 1290 2290 Antistites,
1331 2205 1376 2274 ut
1413 2222 1488 2301 pro
1519 2192 1783 2275 sublevandis

286 2326 391 2408 adeo
429 2326 679 2434 pauperibus
719 2327 1004 2408 exercitiorum
1044 2326 1255 2407 sodalibus
1295 2326 1543 2434 peculiarem
1583 2325 1782 2432 paulatim

286 2458 378 2540 Deo
409 2459 608 2567 largiente
637 2457 811 2540 fundum
832 2486 882 2539 ex
912 2459 1088 2565 propriis
1118 2469 1159 2539 et
1188 2459 1498 2566 opulentiorum,
1523 2455 1783 2539 sacerdotum

286 2590 556 2710 aliommque'
589 2591 912 2674 benefactorum-
941 2592 1020 2699 piis
1065 2591 1359 2674 donationibus
1402 2591 1603 2701 colligant
1636 2599 1678 2671 et
1717 2591 1781 2670 in-

288 2725 470 2805 stituaut.

404 2886 587 2970 Clericus
632 2889 819 2997 denique,
851 2891 921 2997 qui
952 2917 1035 2970 uno
1076 2889 1256 2970 alterove
1296 2915 1407 2971 anno
1452 2889 1506 2970 ad
1541 2887 1781 2970 communia

287 3023 479 3107 exercitia
510 3021 736 3129 spiritualia
765 3050 816 3101 ex
846 3049 1116 3129 quacumque⁴
1136 3021 1370 3120 rationabili
1401 3049 1525 3103 causa
1562 3021 1782 3103 convenire

288 3183 372 3235 non
403 3164 616 3262 potenmt:
648 3165 816 3261 paterne
847 3154 1069 3253 hortamur,
1101 3166 1146 3234 ut
1175 3155 1321 3236 eodem
1351 3183 1462 3236 anno
1492 3154 1606 3236 domi
1636 3153 1783 3234 saltem

287 3316 360 3394 per
390 3286 495 3368 duos
525 3298 597 3366 aut
625 3297 705 3367 tres
736 3286 823 3368 dies
853 3288 1031 3368 maxime
1067 3297 1323 3395 opportunos
1354 3314 1493 3369 sacrae
1522 3287 1688 3400 cuidam
1718 3313 1782 3366 re·
1921 3396 1927 3406 ι

157 3478 159 3482 -
287 3419 520 3501 collectioni
550 3448 716 3528 operam
749 3420 857 3519 dent,
888 3432 929 3501 et
958 3422 1226 3529 interroganti
1257 3420 1467 3529 Episcopo
1496 3431 1568 3501 aut
1597 3420 1686 3526 ejus
1699 3412 1782 3499 'Vi-

288 3554 399 3633 cario
430 3552 482 3632 de
511 3554 579 3661 pie
609 3563 775 3661 peracta
804 3553 1090 3634 recollectione
1120 3555 1322 3634 rationem
1351 3546 1537 3634 reddant.

872 3895 1063 3982 CAPUT
1094 3899 1185 3983 Vll.

408 4114 479 4193 De
505 4113 713 4194 honesta
739 4110 1034 4194 clericorum
1060 4114 1166 4194 vita
1193 4114 1647 4212 etconversatione.

405 4364 511 4446 lllud
541 4394 591 4445 ex
621 4377 719 4447 voto
751 4378 916 4448 sanctae
947 4364 1106 4474 Synodi
1137 4367 1402 4449 Tridentinae
1423 4365 1641 4474 Episcopis
1661 4393 1782 4474 prae·

263 4500 264 4504 '
289 4498 409 4604 cipue
440 4498 670 4579 cavendum
701 4508 772 4594 est,
803 4527 855 4579 ne
875 4488 1023 4581 Clerici
1046 4484 1254 4580 criminosi
1275 4501 1367 4594 sint,
1397 4526 1501 4579 neve
1521 4497 1781 4579 inhonestam

289 4631 418 4710 vitam
459 4633 559 4738 ipsis
607 4631 894 4713 coniventibus
942 4629 1167 4736 ducant31l
1218 4659 1313 4712 oum
1353 4632 1490 4740 potius
1531 4631 1589 4711 sic
1639 4627 1803 4711 deceat

289 4764 460 4843 omnino
492 4761 676 4846 Clericus
715 4766 759 4846 in
799 4775 950 4846 sortem
991 4764 1162 4846 Domini
1202 4774 1372 4847 vocatos
1402 4764 1531 4848 vitam
1565 4789 1782 4870 moresque

289 4924 548 5003 componere,
590 4908 634 4977 ut
673 4896 781 4980 levia
820 4900 944 4978 etiam
975 4897 1134 4997 delicta,
1166 4926 1272 5005 quae
1302 4899 1344 4978 in
1375 4897 1476 5004 ipsis
1505 4895 1687 4977 maxima
1717 4920 1781 4976 es-
1863 4976 1870 4988 ,

337 5156 358 5244 ¹)
381 5156 467 5222 sess.
489 5157 580 5222 XlV.
604 5157 644 5223 de
665 5158 737 5224 Ros.
760 5161 793 5224 in
814 5158 960 5224 Prooem.
