3960 5956
1698 318 1739 383 63

244 522 482 605 collationes
511 522 803 631 magistrorum
832 522 1071 621 habeantur,
1102 533 1224 631 prout
1254 520 1308 604 ab
1337 514 1546 630 Episcopo
1572 521 1739 601 ordina·

243 654 363 737 bitur.
404 653 544 754 Quum
563 655 777 736 recentiori
797 665 981 763 tempore
1001 655 1143 737 fiatres
1165 666 1205 735 et
1225 681 1384 736 sorores
1404 653 1641 762 Regulares,
1669 655 1740 758 qui

243 816 270 869 a
297 788 450 871 scholis
479 814 632 868 nomen
660 785 824 885 habent,
856 786 1053 897 singulari
1083 815 1158 868 suo
1184 788 1227 867 in
1247 785 1500 867 moderanda
1521 787 1740 893 juventute

243 919 401 1002 fervore
431 931 472 1001 et
500 919 676 1029 probata
704 920 932 1027 aptitudine
962 920 1164 1001 maximas
1201 917 1353 1026 ubique
1392 918 1535 999 laudes
1575 944 1740 1026 prome-

244 1053 417 1134 ruerint:
459 1052 656 1160 Episcopi
684 1051 806 1159 hujus
836 1053 1070 1161 provinciae
1100 1053 1288 1134 ardenter
1327 1061 1544 1158 exoptant,
1584 1060 1631 1130 ut
1669 1048 1742 1130 ubi

244 1185 332 1268 fieri
368 1186 537 1294 poterit,
576 1183 701 1267 salvis
744 1187 885 1293 utique
925 1185 1302 1293 ludimagistromm
1343 1183 1613 1295 saecularium
1635 1182 1741 1291 juri-

244 1317 321 1401 bus
344 1319 435 1426 jam
465 1317 686 1424 acquisitis,
717 1318 771 1399 ad
800 1318 1001 1427 regendas
1038 1344 1259 1427 puerorum
1289 1328 1330 1397 et
1359 1316 1588 1425 puellarum
1618 1315 1741 1398 scho-

244 1449 305 1533 las
334 1451 574 1559 praesertim
602 1451 646 1531 in
674 1449 903 1558 majoribus
929 1451 1178 1531 dioecesium
1214 1447 1447 1531 civitatibus
1477 1448 1739 1529 advocentur.

361 1593 534 1696 Scholas
564 1615 721 1724 optimo
757 1642 925 1723 quoquo
965 1615 1090 1695 modo
1121 1615 1167 1711 in-
1204 1614 1377 1724 singulis
1416 1612 1600 1720 coetibus
1640 1641 1742 1694 con·

245 1748 408 1830 stitutus
430 1748 629 1854 juventus
658 1747 888 1855 frequentet
921 1775 1087 1830 necesse
1117 1758 1189 1832 111.
1252 1745 1388 1846 Quare
1427 1755 1612 1855 pastores
1651 1747 1742 1827 ani-

243 1880 405 1961 marum'
433 1876 627 1990 parvulos
656 1880 711 1962 ad
739 1880 979 1990 diligentem
1003 1891 1043 1960 et
1073 1881 1311 1961 continuam
1341 1879 1518 1977 scholae,
1548 1905 1739 1961 necnon

245 2013 520 2102 catechesium
557 2013 928 2121 frequentationem
973 2011 1136 2096 blandis
1180 2012 1315 2099 verbis
1355 2023 1397 2093 et
1440 2012 1507 2093 vel
1550 2013 1743 2120 praemiis

243 2146 445 2250 alliciant;
477 2145 549 2228 ubi
579 2145 788 2296 Episcopo
818 2145 1008 2254 expedire
1045 2147 1181 2227 visum
1210 2145 1340 2245 fuerit,
1372 2143 1586 2243 dimidiato
1616 2144 1743 2271 clm

108 2302 111 2307 ’
245 2278 310 2361 die
338 2280 517 2361 minores
548 2288 589 2371 11
617 2280 794 2387 majores
823 2279 989 2360 alternis
1020 2276 1179 2360 vicibus
1200 2259 1463 2389 congregent,
1493 2287 1583 2357 tum
1603 2272 1742 2385 publi-

245 2414 303 2496 cis
333 2439 384 2492 ex
413 2411 593 2494 ambone
623 2411 890 2497 concionibus
920 2409 1743 2520 1111111111111111111111111111111111111111111-1

243 2556 305 2630 tes
335 2543 461 2626 officii
499 2545 562 2626 sui
602 2555 818 2644 moneant,
858 2529 1152 2627 reluctantibus
1191 2546 1305 2656 leges
1341 2546 1480 2628 civiles
1510 2546 1589 2627 hac
1619 2544 1670 2625 de
1700 2572 1743 2625 re

244 2677 349 2760 latas
378 2677 422 2758 in
442 2661 685 2776 memoriam
714 2689 927 2782 revocent;
959 2676 1223 2774 declarantes,
1255 2705 1429 2786 sponsos
1459 2675 1743 2760 deficientibus

244 2810 296 2893 (11
324 2810 582 2919 frequentata
610 2810 753 2892 schola
783 2820 824 2892 et
853 2810 1040 2893 doctrina
1059 2810 1280 2895 eluistiana
1299 2812 1544 2902 testimoniis
1565 2797 1741 2892 difficul·
1840 2885 1844 2893 .

244 2954 306 3026 ter
335 2954 376 3025 11
405 2943 569 3025 nonnisi
598 2944 799 3053 aequisita
828 2943 996 3026 demum
1022 2973 1071 3026 ac
1099 2973 1240 3028 severe
1260 2945 1472 3054 explorata
1492 2942 1745 3038 Catechismi

246 3076 416 3158 scientia
444 3077 698 3186 promulgari
727 3105 870 3186 posse;
912 3077 983 3161 ubi
1013 3077 1116 3160 haee
1152 3106 1237 3160 non
1277 3077 1504 3177 sufficiunt,
1545 3076 1744 3158 auxilium

247 3209 456 3320 regiminis
487 3209 618 3292 1111111
647 3211 865 3317 requirant
838 3209 953 3293 tSi
983 3221 1121 3292 autem
1150 3211 1417 3292 nihilominus
1447 3208 1638 3291 alicubi
1626 3237 1742 3289 mve-

245 3342 446 3441 nirenun,
487 3342 558 3451 qui
597 3343 923 3427 institutiones
911 3373 954 3424 111
994 3343 1176 3427 ecclesiis
1215 3354 1256 3424 et
1295 3342 1457 3426 scholas
1486 3343 1673 3450 frequent
1674 3369 1743 3422 are
1902 3444 1904 3448 .

245 3459 407 3591 penitus
446 3502 530 3556 non
569 3486 758 3584 possent:
805 3477 881 3559 hos
919 3475 1063 3559 diebus
1093 3487 1134 3560 et
1163 3476 1274 3558 horis
1304 3473 1546 3585 opportunis
1576 3462 1630 3554 ad
1660 3472 1743 3554 ele-

245 3619 385 3690 menta
413 3607 510 3690 fidei
540 3607 791 3691 addiscenda
820 3637 1048 3692 convocare
1078 3622 1119 3690 et
1148 3609 1343 3719 peculiari
1372 3607 1577 3689 illorum
1566 3617 1742 3688 111111111-

224 3741 347 3823 ‘tioni
376 3729 543 3849 operam
573 3742 820 3850 impendere,
851 3741 983 3824 bonos
1013 3742 1243 3823 animarum
1263 3751 1448 3850 pastores
1467 3768 1552 3821 non
1572 3737 1742 3849 pigebit.
1802 3847 1803 3850 ,

362 3906 489 3989 Plane
527 3910 726 4019 singulari
766 3937 906 3990 eorum
948 3936 1069 3990 curae
1098 3908 1250 4016 pioque
1280 3908 1369 3989 zelo
1402 3909 1665 4015 juventutem
1700 3909 1743 3988 in

247 4039 411 4122 fabricis
463 4041 768 4125 delitescentem
814 4028 1163 4123 commendamus.
1232 4038 1433 4122 Studeant
1471 4040 1641 4148 parochi
1680 4039 1742 4120 fa-

246 4173 450 4256 bricamm
499 4202 754 4282 possessores
803 4174 858 4255 ad
898 4173 1113 4283 erigendas
1151 4175 1194 4253 in
1234 4174 1334 4281 ipsis
1373 4171 1537 4255 fabricis
1580 4173 1743 4255 scholas

246 4306 471 4416 peculiares
501 4336 666 4390 movere
695 4307 772 4415 vel
792 4334 842 4389 eo
872 4305 1019 4389 saltem
1048 4305 1251 4407 inducere,
1282 4316 1328 4387 ut
1354 4306 1516 4387 statutis
1545 4306 1743 4414 tempori-

245 4438 324 4524 bus
352 4439 527 4526 fabricas
557 4441 669 4525 adire
698 4451 741 4523 et
762 4443 1026 4551 juventutem
1045 4439 1101 4521 ad
1121 4440 1361 4551 excipienda
1382 4440 1480 4521 fidei
1499 4467 1744 4548 morumque

247 4573 478 4656 rudimenta
526 4602 777 4686 congregare
826 4565 997 4682 possint.
1067 4571 1293 4691 Dominoq
1315 4552 1455 4655 autem
1498 4571 1745 4655 fabricarum

246 4733 320 4815 per
358 4734 542 4789 amorem
582 4705 735 4792 Olnisti
775 4707 1039 4803 obtestamur,
1082 4715 1125 4786 ut
1164 4696 1339 4805 illorum,
1380 4733 1555 4814 quorum
1585 4705 1639 4786 ad
1669 4734 1744 4786 au-

247 4840 383 4949 genda
412 4839 536 4948 hujus
565 4841 674 4923 vitae
704 4842 924 4924 commoda
953 4852 1123 4923 utuntur
1147 4841 1368 4941 laboribus,
1398 4843 1599 4951 spirituali
1629 4869 1744 4924 eom-

247 4972 371 5057 modo
410 4975 659 5082 paratissimi
696 4974 960 5084 provideant,
1001 4985 1042 5056 et
1081 4975 1147 5056 vel
1187 4975 1279 5056 ideo
1318 5002 1404 5056 non
1439 4985 1601 5057 tantum
1630 4975 1745 5056 nulla

247 5105 486 5215 pastoribus
519 5106 738 5201 obstacula
770 5119 948 5219 ponant,
988 5108 1062 5193 sed
1100 5110 1237 5218 potius
1276 5137 1418 5192 eorum
1458 5109 1745 5194 conaminibus
