3960 5956
1677 344 1719 408 95

224 541 413 650 sculptae
453 542 546 641 sint,
577 541 739 623 'mirum
778 543 822 623 in
851 541 1024 623 modum
1064 541 1191 624 corda
1219 541 1404 623 fidelium
1443 543 1498 625 ad
1527 544 1719 627 caelestia

223 673 424 756 desideria
463 662 619 784 erigere
658 675 839 758 soleant:
888 673 1077 756 ardenter
1116 685 1320 781 optamus,
1367 685 1413 756 ut
1453 676 1720 758 eeclesiarum

223 818 400 888 rectores
430 834 571 905 novas,
601 833 709 915 quae
736 806 791 887 ad
821 806 1086 888 ecclesiarum
1117 818 1309 889 ornatum
1329 818 1370 889 et
1399 809 1443 888 in
1463 808 1720 891 aedificatio-

172 940 176 948 ’
223 968 319 1021 nem
348 938 493 1048 populi
523 939 832 1047 comparandae
862 949 968 1039 sunt,
995 967 1132 1022 sacras
1162 939 1371 1049 Imagines
1401 943 1569 1023 nonnisi
1596 971 1622 1023 a
1640 941 1722 1051 piis

223 1100 273 1152 ac
298 1072 439 1179 peritis
469 1071 700 1155 artificibus
730 1071 879 1153 confici
909 1082 1061 1153 curent.
1111 1071 1331 1182 Imagines,
1361 1075 1460 1157 artis
1489 1085 1530 1156 et
1559 1075 1722 1183 pietatis

160 1254 172 1267 -
223 1206 355 1313 pretio
390 1232 558 1312 prorsus
590 1204 817 1305 destitutas,
858 1205 1019 1287 etiansi
1057 1205 1187 1314 gratis
1223 1234 1296 1313 seu
1335 1234 1386 1289 ex
1416 1219 1515 1289 voto
1545 1207 1721 1289 offeran-

223 1349 299 1436 tur,
330 1337 594 1420 eeclesiarum
624 1348 802 1419 rectores
837 1366 921 1418 non
951 1338 1163 1445 recipiant.

811 1683 1002 1767 CAPUT
1032 1684 1124 1766 Vll.

613 1923 684 2002 De
714 1922 869 2004 cantu
899 1924 947 2003 ct
977 1921 1157 2002 Musica
1185 1939 1330 2002 sacra.

345 2178 412 2260 Ad
442 2177 634 2259 decorem
674 2176 809 2257 cultus
838 2175 967 2256 divini
997 2174 1234 2284 augendum
1275 2187 1316 2256 et
1345 2174 1565 2284 religiosos
1593 2177 1721 2257 animi

227 2311 399 2394 affectus
430 2320 520 2390 tum
550 2308 842 2417 exprimendos
881 2319 971 2388 tum
1000 2307 1202 2389 fovendos
1232 2319 1378 2389 cantus
1409 2307 1594 2389 fidelium
1628 2309 1722 2417 plu-

226 2446 378 2526 rimum
398 2443 566 2539 confert,
587 2469 711 2550 quem
742 2442 830 2549 ipse
858 2440 1002 2523 beatus
1023 2439 1251 2548 Apostolus
1275 2439 1429 2521 Paulus
1455 2441 1723 2523 commenda-

226 2578 296 2676 vit,
328 2576 576 2673 desiderans,
616 2585 663 2654 ut
691 2572 834 2655 fideles
863 2573 1086 2681 loquantur
1116 2572 1381 2681 sibimetipsis
1410 2573 1453 2654 in
1483 2573 1654 2680 psalmis
1684 2586 1724 2656 et

204 2688 393 2818 'hymnis
423 2719 464 2790 et
493 2707 663 2789 canticis
692 2706 982 2814 spiritualibus,
1014 2716 1226 2786 cantantes
1257 2717 1297 2786 et
1317 2704 1538 2813 psallentes
1567 2707 1611 2787 in
1632 2735 1723 2788 cor-

227 2843 349 2926 dibus
379 2841 464 2922 suis
494 2830 689 2921 Domino.
704 2834 737 2918 1)
777 2838 964 2921 Ecclesia
993 2848 1116 2946 prout
1146 2850 1300 2919 ceteras
1321 2850 1439 2939 artes,
1469 2839 1527 2919 ita
1556 2838 1723 2920 harmo-

227 2975 388 3057 nianmr
429 2983 676 3054 concentum
716 2971 771 3051 ad
807 2969 973 3052 laudem
1013 2970 1093 3052 Dei
1122 2970 1313 3071 admittit,
1342 2972 1435 3079 vimo
1472 2973 1724 3053 musicorum

228 3134 393 3217 quoque
432 3107 798 3187 instrumentorum
837 3102 985 3184 tolerat
1017 3100 1175 3184 'sonum
1206 3117 1246 3184 et
1276 3133 1408 3204 usum,
1449 3105 1492 3184 in
1522 3115 1724 3212 quantum

227 3238 417 3322 videlicet
455 3238 510 3318 ad
548 3235 877 3346 promovendam
917 3235 998 3317 Dei
1037 3235 1213 3345 gloriam
1244 3248 1285 3316 et
1313 3236 1499 3318 fidelium
1529 3237 1753 3319 aedifica·

191 3372 195 3382 ’
227 3375 384 3455 tionem
412 3382 510 3481 apta
540 3371 850 3480 dignoscuntur.
913 3366 1006 3472 Quo
1042 3367 1203 3450 facilius
1241 3398 1338 3450 vero
1379 3382 1537 3451 mentes
1567 3370 1722 3470 auditu,
1828 3420 1831 3425 ·

230 3507 425 3614 sonisque
455 3505 718 3614 potissimum
747 3502 1008 3584 titillantibus
1038 3502 1315 3610 abripiuntur:
1347 3531 1397 3583 eo
1418 3503 1553 3611 magis
1573 3531 1723 3585 caven-

221 3637 331 3719 dum
362 3648 443 3737 est,
484 3666 536 3718 ne
573 3666 624 3718 ex
662 3637 742 3717 ista
778 3634 1060 3717 efficacissima
1080 3694 1082 3699 ,
1100 3645 1187 3716 arte
1216 3634 1557 3742 impedimentum
1587 3636 1724 3742 potius

231 3772 386 3853 oriatur
422 3769 664 3869 devotionis,
707 3797 832 3876 quam
871 3769 1082 3849 auxilium.
1121 3767 1251 3848 ‘Hinc
1288 3766 1497 3849 Ecclesiae
1535 3766 1723 3849 traditio·
1862 3877 1868 3883 ι

230 3904 352 3986 nibus
391 3901 633 4012 legibusque
671 3901 916 3999 insistentes,
955 3929 1061 4009 quae
1091 3911 1332 4009 sequuntur,
1365 3909 1406 3981 in
1437 3900 1620 3982 Domino
1652 3900 1723 3982 de·
1759 3942 1765 3948 ·

231 4037 434 4118 crevimus
464 4049 504 4116 et
534 4032 792 4116 observanda
821 4025 1116 4142 praecipimus:

371 4239 406 4314 1.
453 4231 593 4333 Quum
633 4245 789 4330 cantus,
831 4232 901 4339 qui
940 4231 1100 4340 planus,
1135 4230 1279 4316 firmus
1326 4259 1398 4316 sen
1443 4228 1724 4340 Gregorianus

232 4368 390 4465 dieitur,
428 4367 593 4475 proprie
638 4365 937 4447 ecclesiasticus
952 4361 986 4444 2)
1032 4365 1104 4460 sit,
1145 4363 1273 4444 cultui
1312 4363 1453 4444 divino
1492 4363 1722 4472 adaptatus,

230 4510 273 4581 ct
300 4499 355 4580 ad
374 4497 692 4609 glorificandum
721 4496 858 4578 Deum
884 4507 1124 4604 mentesque
1150 4522 1312 4577 sursum
1341 4495 1529 4577 ferendas
1557 4499 1723 4605 aptissi-

230 4659 324 4713 mus
358 4631 475 4732 adeo,
515 4643 561 4711 ut
599 4629 709 4711 illius
747 4628 975 4727 harmonia,
1015 4629 1050 4710 si
1090 4641 1201 4710 recta
1229 4627 1361 4727 fuerit,
1402 4629 1525 4709 castis
1554 4630 1724 4712 auribus

303 4933 325 5017 ¹)
368 4932 489 5018 Ephes.
511 4934 541 4994 5.
566 4933 615 4995 19.
658 4928 780 4994 Coloss.
803 4930 833 4993 3.
858 4930 906 4992 16.

295 5039 323 5124 ²)
365 5038 498 5123 Encycl.
530 5037 700 5101 Benedicti
732 5036 823 5101 XIV.
856 5036 1001 5118 „Annus
1035 5038 1090 5120 qui
1124 5036 1229 5099 hunc“
1260 5036 1300 5099 de
1334 5036 1386 5099 die
1420 5037 1468 5100 19.
1503 5037 1598 5103 Febr.
1632 5039 1749 5103 1749.»

366 5151 396 5228 s.
417 5147 446 5210 a.
