3960 5956
320 271 363 334 ὦ

436 473 627 583 Denique
657 474 844 561 Ecclesia
874 481 988 560 omni
1016 480 1201 563 humano
1233 490 1274 561 et
1302 509 1401 562 vero
1428 466 1664 589 progressui
1693 479 1815 580 favet,

318 592 451 690 sciens
485 608 624 690 Deum
654 609 815 693 dedisse
854 622 1005 695 terram
1024 698 1027 704 ,
1044 615 1088 694 111
1117 615 1421 722 possessionem
1460 612 1813 711 11111011011111111111,Ι

316 750 364 821 ut
408 743 637 823 exercendo
680 745 789 825 vires
834 774 930 829 suas
974 746 1285 828 dominarentur
1334 748 1392 846 ei,
1443 747 1613 854 ejusque
1657 744 1815 847 viribus

315 882 478 957 utentes
507 873 801 957 fructificarent
830 876 920 960 sibi.
980 879 1126 962 Monet
1154 890 1315 979 tamen,
1353 908 1406 959 ne
1421 906 1510 987 per
1539 905 1675 959 rerum
1706 888 1813 959 tem·

314 1007 517 1113 poralirmr
550 1008 733 1089 studium
767 1038 866 1092 cura
895 1021 1154 1092 aeternarum
1184 1011 1419 1121 negligatur
1458 1010 1525 1092 vel
1554 1010 1812 1162 impediatur,
1892 984 1898 1002 ,

315 1150 357 1220 et
376 1142 530 1247 poscit,
558 1151 608 1222 ut
627 1171 870 1252 progressus
894 1143 967 1226 fiat
985 1144 1275 1226 secundum
1235 1174 1301 1253 pre
1304 1154 1453 1242 tatem,
1483 1144 1653 1225 minime
1674 1154 1814 1225 autem

315 1284 459 1352 contra
489 1272 627 1374 fidem,
657 1287 786 1383 utque
815 1276 953 1359 studia
983 1305 1268 1393 quaecumque
1303 1277 1487 1358 humana
1522 1305 1596 1385 per
1624 1287 1813 1360 sanctam

315 1389 558 1488 charitatem
587 1406 870 1489 fecundentur.
930 1408 1057 1492 Nulla
1073 1410 1316 1492 libertas
1284 1439 1372 1493 sme
1401 1410 1515 1521 lege,
1545 1420 1670 1517 prout
1698 1398 1813 1491 nulla
1863 1391 1866 1396 ⁵

313 1536 442 1617 lex
410 1567 497 1619 sme
528 1538 715 1622 libertate
747 1542 969 1624 consistere
1000 1554 1158 1652 potest3
1190 1543 1263 1625 11111
1291 1571 1389 1625 vero
1422 1540 1598 1650 Spiritus
1626 1541 1810 1641 Domini,

313 1668 370 1751 ibi
400 1670 580 1754 libertas.
597 1668 631 1751 8)

842 1994 845 1999 “
914 1982 1107 2070 CAPUT
1136 1988 1209 2070 Ill.

449 2207 520 2285 De
550 2207 908 2288 conversatione
937 2207 1150 2290 fidelium
1180 2227 1288 2290 cum
1316 2208 1484 2292 alienis
1513 2225 1543 2288 a
1571 2205 1714 2288 fide·

431 2440 509 2522 Vix
528 2469 744 2524 necessrnn
760 2452 834 2542 est,
864 2442 1007 2526 fideles
1026 2441 1191 2526 nostros
1211 2441 1640 2542 commonefacerent
1660 2468 1807 2550 quem-

311 2572 541 2654 admodum
589 2602 688 2684 erga
734 2574 984 2658 domesticos
1033 2574 1149 2674 fidei,
1195 2577 1254 2658 ita
1293 2578 1419 2658 etiam
1463 2603 1563 2686 erga
1602 2603 1694 2675 eos,
1735 2574 1807 2683 qui

310 2705 504 2810 thesauro
545 2707 771 2788 catholicae
801 2709 984 2790 veritatis
1015 2720 1175 2806 carent,
1216 2737 1305 2792 sese
1345 2706 1572 2818 praebeant
1601 2705 1808 2789 bonorum

311 2867 485 2946 operum
514 2839 760 2947 exemplum.
823 2839 885 2922 Ea
920 2842 1030 2921 enim
1061 2840 1271 2924 Ecclesiae
1302 2841 1529 2923 catholicae
1560 2841 1707 2921 intima
1745 2849 1809 2922 est

309 2971 521 3077 persuasio
561 2982 603 3053 et
632 2981 832 3079 perpetua
861 2972 1069 3071 doctrina,
1111 3001 1237 3081 quam
1267 2975 1395 3055 etiam
1430 2974 1548 3081 praxi
1576 2982 1808 3055 monstrare

310 3131 473 3213 semper
502 3102 679 3202 studuit,
709 3113 757 3185 ut
784 3105 952 3204 veritas,
976 3106 1139 3213 justitia
1168 3115 1210 3187 et
1240 3106 1479 3187 charitas
1447 3134 1535 3187 smo
1565 3105 1806 3213 acceptione

311 3218 602 3345 pfflnarum,
633 3263 739 3344 quae
769 3236 881 3344 apud
911 3236 1050 3318 Deum
1080 3248 1277 3335 nonest,
1310 3237 1659 3346 cuivisproximo
1690 3235 1807 3318 exhi-

308 3366 465 3449 beatur.
497 3367 600 3448 Inde
630 3396 912 3476 quascumque
932 3371 1239 3486 persecutiones
1259 3369 1488 3452 alienonun
1517 3399 1544 3450 a
1572 3368 1654 3450 fide
1683 3378 1805 3477 prae·

307 3510 422 3581 textu
452 3500 662 3610 religionis
680 3501 811 3584 factas
838 3530 1066 3611 numquam
1087 3531 1172 3584 non
1196 3503 1552 3601 condemnavite
1530 3512 1804 3610 etquantum

307 3645 382 3742 pot
365 3644 490 3733 t,erat
522 3632 716 3721 cohibuit.
779 3632 978 3734 Quamvis
1008 3636 1151 3716 intime
1182 3636 1342 3744 cupiat,
1373 3634 1521 3742 utqui
1550 3634 1595 3716 in
1623 3632 1803 3716 tenebris

309 3776 406 3846 sunt
435 3767 549 3847 etin
578 3765 727 3871 umbra
755 3768 899 3849 mortis
929 3766 1093 3866 sedent,
1132 3767 1187 3848 ad
1215 3796 1355 3849 veram
1386 3765 1513 3848 fidem
1542 3766 1732 3868 redeant,
1763 3774 1806 3847 et

307 3908 355 3978 ut
384 3909 685 3998 convertantur,
715 3900 920 3981 ferventer
954 3910 1045 3981 oret
1073 3901 1311 4009 jugiterque
1342 3897 1522 3998 laboret,
1562 3898 1805 3979 violentiam

308 4042 448 4110 tamen
472 4032 622 4112 animis
643 4032 1032 4140 quomodocumque
1056 4030 1213 4113 illatam
1233 4041 1445 4113 aversatur
1469 4032 1651 4130 omnin0,
1678 4042 1803 4139 atque

308 4163 555 4271 persuadere
591 4165 807 4245 veritatem
846 4193 895 4246 ac
935 4165 1062 4246 corda
1100 4165 1263 4246 flectere
1298 4163 1469 4251 mavult.
1529 4161 1627 4244 Non
1666 4164 1805 4249 minus

309 4325 407 4377 vero
447 4306 636 4377 materna
675 4297 948 4378 sollicitudine
988 4326 1014 4378 a
1043 4297 1137 4379 filiis
1167 4298 1343 4405 propriis
1372 4298 1533 4394 omnia,
1572 4324 1679 4405 quae
1708 4323 1804 4405 pre-

308 4431 461 4510 tiosum
491 4429 648 4532 donum
678 4428 772 4511 fidei
803 4430 847 4509 in
877 4429 1096 4512 discrimen
1125 4430 1330 4511 adducere
1360 4431 1541 4537 possint,
1572 4429 1803 4539 vigilantis-

308 4562 412 4642 simo
453 4557 590 4644 studio
620 4590 832 4646 semovere
861 4575 1045 4644 oenatrn.
1106 4560 1216 4661 Quid
1246 4563 1357 4642 enim
1386 4561 1602 4670 prodesset
1630 4561 1801 4661 homini,
1954 4620 1963 4645 1

309 4694 519 4792 universa,
560 4696 685 4775 etiam
724 4693 885 4776 favores
914 4694 1139 4803 laudesque
1169 4693 1344 4774 aliorum
1373 4694 1543 4794 lucrari,
1573 4696 1609 4777 si
1638 4694 1803 4786 animae

310 4853 409 4908 suae
439 4825 732 4908 detrimentum
761 4825 997 4936 pateretur?
1095 4834 1101 4842 '

309 5023 508 5038 ——-

357 5108 382 5189 ⁸)
405 5109 425 5171 2
447 5110 520 5171 Cor.
542 5106 572 5169 3.
597 5106 645 5170 ll.
