3960 5956
1632 333 1691 397 109

198 539 300 620 sime
330 536 498 645 quidem
527 535 630 618 tales
659 537 702 616 in
723 561 896 645 corpora
916 535 1176 646 operationes
1197 533 1474 643 nequissimae
1495 533 1691 617 obvenire

199 678 395 777 possunt3
436 667 622 748 Ecclesia
656 676 797 748 tamen
826 666 1116 749 Exercismum
1145 666 1313 748 retinuit
1351 675 1392 746 et
1421 665 1606 766 adhibet,
1646 674 1694 746 ut

199 800 388 909 potentia
428 797 582 881 Christi
620 796 750 908 Regis
789 799 913 880 etiam
954 807 1120 880 externe
1157 797 1274 908 fuget
1302 797 1526 897 inimicum,
1568 824 1692 906 quem

198 933 358 1014 interne
386 930 649 1013 insidiantem
680 930 863 1039 quotidie
893 928 1083 1011 debellat.
1114 926 1261 1038 Neque
1281 927 1453 1011 dubium
1483 939 1555 1031 est,
1587 929 1689 1038 quin

200 1063 442 1146 Exorcismo
481 1065 558 1145 rite
587 1061 773 1145 adhibito
803 1072 988 1172 potestas
1017 1062 1227 1147 Eoclesiae
1270 1063 1314 1143 in
1344 1061 1567 1145 daemones
1598 1061 1693 1144 effi·

203 1196 353 1279 nabiter
381 1196 694 1278 demonstretur.
1339 1228 1344 1237 ·

318 1358 411 1460 Quo
442 1358 686 1476 occultiores
715 1388 813 1442 vero
844 1362 1104 1469 operationes
1137 1359 1352 1443 daemonis
1381 1370 1493 1461 sunt,
1519 1388 1570 1442 eo
1600 1388 1691 1441 ma·

203 1494 268 1603 gis
298 1491 530 1574 cavendum
560 1501 633 1593 est,
663 1520 715 1574 ne
745 1494 834 1602 ejus
864 1492 1032 1575 effectus
1064 1480 1328 1592 existimetur,
1353 1492 1424 1575 ubi
1440 1491 1589 1574 'morbi
1617 1521 1694 1575 na·

201 1623 343 1708 turalis
373 1651 498 1705 eausa
526 1623 655 1727 adest,
692 1625 759 1706 vel
788 1625 1100 1735 phantasiarum
1138 1634 1301 1706 tantum
1335 1634 1472 1707 motus
1502 1624 1693 1706 homines

203 1756 425 1868 exagitant.
488 1754 749 1866 Quapropter
778 1755 893 1838 nullo
924 1784 1023 1840 casu
1053 1755 1364 1864 qualiscumque
1385 1756 1577 1839 sacerdos
1607 1784 1708 1867 eos,¹

204 1917 308 1999 quos
337 1915 637 1998 energumenos
672 1899 801 1999 putat,
841 1887 1085 1971 Exorcismo
1114 1888 1303 2001 adjurare
1317 1869 1493 1990 audeat,
1534 1889 1614 1972 nisi
1651 1916 1695 1970 re
1747 1880 1748 1885 Ν

204 2023 317 2132 prius
355 2021 410 2102 ad
439 2019 696 2130 Episcopum
730 2020 859 2104 relata
887 2022 1057 2130 ejusque
1086 2021 1289 2104 sententia
1318 2031 1500 2130 accepta.
1560 2020 1695 2103 Exor-

204 2155 321 2238 cismi
340 2180 450 2254 vero,
481 2154 553 2260 qui
582 2151 636 2235 ab
657 2153 845 2236 Ecclesia
873 2153 918 2234 in
937 2152 1292 2238 administratione
1322 2151 1542 2237 Sacrorum
1572 2181 1691 2262 prae-

204 2285 447 2388 scribuntur,
477 2312 707 2394 numquam
735 2286 1123 2394 praetermittantur.

323 2449 462 2551 Quum
502 2451 545 2531 in
584 2478 734 2560 genere
763 2451 1064 2558 superstitionis
1100 2453 1163 2551 sit,
1194 2461 1410 2560 expectare
1440 2451 1632 2534 effectum
1671 2479 1697 2532 a
1795 2526 1798 2531 .
1945 2488 1948 2495 ·

205 2610 465 2693 quacumque
494 2611 538 2664 re
557 2582 624 2664 vel
644 2609 830 2690 persona,
860 2582 915 2664 ad
944 2610 1069 2690 quem
1088 2583 1400 2691 producendum
1430 2611 1456 2664 a
1485 2582 1577 2664 Deo
1607 2576 1695 2664 non

205 2715 325 2797 fuerit
355 2714 563 2797 ordinata:
601 2713 836 2797 sacerdotes
865 2744 1008 2797 curam
1037 2742 1205 2797 ornnem
1234 2713 1500 2816 adhibebunt,
1541 2725 1589 2798 ut
1625 2742 1695 2797 su·

206 2848 461 2956 perstitiosos
490 2847 602 2947 ritus,
632 2873 768 2927 mores
797 2857 840 2927 et
867 2858 984 2929 actus
1004 2846 1227 2956 prudenter
1253 2846 1432 2955 quidem,
1462 2856 1528 2929 ast
1556 2845 1696 2928 effiea·
1743 2935 1747 2941 ,

207 2979 306 3061 citer
335 3007 361 3060 a
390 2978 546 3088 populo
587 2977 797 3087 depellant
825 2988 867 3059 et
895 2977 1174 3086 praepediant.
1232 2977 1346 3061 Sacri
1376 2976 1569 3062 Oanones
1598 3005 1695 3088 gra-

210 3111 323 3212 viter,
369 3113 493 3193 etiam
537 3112 683 3220 poenis
722 3109 976 3220 infligendis,
1017 3120 1160 3194 vetant
1199 3112 1341 3193 omnia
1369 3122 1410 3193 et
1440 3110 1606 3221 singula
1634 3109 1697 3191 di·

207 3244 464 3326 vinationum
509 3257 765 3342 commenta,
802 3270 931 3351 prava
974 3243 1195 3353 sortilegia,
1225 3243 1408 3351 aliasque
1439 3271 1578 3342 vanas,
1618 3242 1697 3323 im-

205 3375 296 3485 pias
335 3385 377 3457 et
415 3375 585 3458 stolidas
625 3384 752 3474 artes,
793 3372 944 3483 quibus
982 3373 1172 3457 homines
1210 3373 1266 3456 ad
1304 3375 1415 3458 mala
1454 3373 1698 3483 depellenda

206 3507 273 3590 vel
311 3507 366 3590 ad
394 3507 581 3592 fortunas
609 3507 824 3618 augendas
853 3505 1116 3589 fascinantur.
1177 3505 1268 3588 Has
1297 3507 1436 3616 itaque
1476 3506 1577 3589 dum
1606 3507 1701 3588 ani··

206 3667 367 3722 marum
406 3649 547 3747 pastor
588 3639 794 3749 percellit,
841 3666 939 3721 vera
988 3637 1179 3721 ostendat
1215 3639 1416 3739 remedia,
1457 3665 1564 3748 quae
1603 3666 1697 3722 ora·
1730 3742 1734 3749 .

206 3771 319 3855 tione
359 3782 401 3854 et
430 3771 571 3856 labore
600 3771 936 3882 suppeditantur,
974 3797 1173 3881 quaeque,
1211 3772 1245 3854 si
1280 3772 1324 3853 in
1363 3772 1427 3855 his
1465 3772 1583 3854 terris
1622 3799 1698 3880 pa-

207 3904 374 3987 tientiae
403 3907 689 3988 necessitatem
719 3932 804 3986 non
833 3903 1034 4004 auferunt,
1065 3903 1302 3986 caelestem.
1322 3903 1507 4015 profecto
1547 3931 1698 3986 conso·

206 4035 405 4120 lationem
436 4036 646 4147 praebent.

785 4363 977 4451 CAPUT
1007 4365 1123 4449 XIII.

599 4603 670 4683 De
699 4601 950 4704 sepultura
979 4552 1305 4684 ecclesiastica.

325 4841 510 4925 Ecclesia
539 4842 753 4943 catholica,
793 4844 864 4953 pia
893 4843 1077 4926 fidelium
1117 4854 1259 4943 mater,
1298 4846 1423 4927 etiam
1452 4846 1697 4934 decedentes

208 5001 306 5057 suos
326 5002 411 5056 non
430 4973 688 5084 derelinquit.
730 4974 859 5057 Prout
886 4974 1157 5059 moribundos
1187 4975 1547 5062 Sacramentorum
1576 5009 1697 5090 prae-

208 5105 315 5189 sidio
327 5109 459 5215 juvat,
489 5117 531 5189 et
550 5107 828 5215 egredientem
859 5107 910 5189 de
940 5134 1109 5216 corpore
1137 5108 1319 5190 animam
1340 5110 1697 5219 deprecationibus
