3960 5956
302 285 343 384 34

161 558 164 562 Α
292 565 294 568 ⁴
410 487 448 567 3.
479 485 698 568 Monemus
727 487 894 568 tandem
910 498 951 596 et
975 489 1018 569 in
1038 460 1228 571 Domino
1244 490 1509 574 obsecramus
1529 481 1784 573 Clericorum

185 639 187 644 ’
289 619 568 702 moderatores
584 618 767 703 etstudii
787 620 1011 731 theologici
1031 622 1263 731 magistros,
1285 624 1544 732 ,utstirpem
1564 623 1783 728 leviticam,

289 779 459 862 germen
490 749 763 850 sacerdotale,
794 737 1067 863 propaginem
1097 752 1432 854 salictificatam,“
1453 749 1487 833 2)
1527 754 1681 856 tirones
1720 753 1784 833 vi·
1841 769 1843 772 ⁴

293 884 442 966 delicet
471 884 558 966 sibi
581 883 789 965 concredit
772 896 837 966 tos
868 887 993 984 omni,
1024 912 1107 994 quo
1129 887 1353 998 potuerint,
1378 885 1536 968 fervore
1575 914 1625 973 ae
1662 884 1784 969 indu·
1855 946 1859 957 .

294 1019 394 1099 stria
423 1019 655 1115 tbveante
633 1019 816 1125 etquod
844 1018 1023 1100 facundo
1055 1047 1125 1099 ore
1155 1019 1205 1100 iis
1235 1020 1521 1128 persuaserint,
1551 1019 1657 1099 vivis
1686 1043 1784 1126 pro·

173 1174 177 1181 ’
292 1151 408 1258 priae
438 1149 700 1258 perfectionis
723 1149 921 1258 operibus
952 1163 1172 1260 exponant.

393 1280 493 1363 sed
523 1293 563 1363 et
593 1281 772 1388 reliquos
802 1305 1027 1391 omnesque
1057 1283 1180 1391 hujus
1200 1284 1437 1391 provinciae
1457 1285 1569 1365 viros
1589 1282 1783 1365 ecclesia·

289 1416 415 1497 sticos
454 1443 527 1522 per
566 1415 724 1495 viscera
758 1414 1059 1508 misericordiae
1095 1414 1173 1497 Dei
1214 1416 1344 1497 nostri
1373 1444 1589 1525 rogamus,
1629 1426 1676 1496 ut
1714 1414 1785 1524 qui
1864 1453 1871 1473 .

74 1646 79 1654 ,
209 1564 210 1567 ‘
288 1546 521 1657 spirituales
551 1560 666 1646 sunt,
702 1558 744 1627 et
773 1576 798 1627 a
827 1549 949 1631 rebus
979 1549 1130 1630 saeculi
1161 1551 1203 1629 in
1234 1549 1421 1630 altiorem
1452 1550 1590 1631 locum
1620 1546 1784 1645 sublati,

281 1683 469 1791 juniores
499 1682 712 1762 ministerii
753 1681 880 1762 divini
912 1684 1065 1764 tirones
1105 1683 1202 1765 data
1233 1684 1379 1791 quavis
1409 1683 1626 1778 occasione
1656 1679 1784 1762 verbo

288 1826 329 1896 et
358 1816 548 1923 exemplo
579 1813 765 1914 doceant,
797 1815 1008 1921 quomodo
1039 1812 1226 1923 oporteat
1257 1812 1440 1897 Clericos
1469 1815 1512 1895 in
1542 1813 1669 1895 domo
1705 1811 1784 1894 Dei
1878 1802 1880 1805 ⁵

288 1949 542 2047 conversari,
574 1957 615 2028 et
644 1975 694 2027 ex
715 1925 1007 2029 ‘sacerdotibus
1036 1976 1216 2047 sumere,
1247 1947 1362 2055 quod·
1391 1948 1612 2028 imitentur.

393 2081 612 2188 'Imprimis
643 2091 780 2161 autern
810 2080 1001 2189 parochi,
1041 2080 1095 2162 ad
1133 2109 1238 2190 quos
1274 2091 1468 2189 ternpore·
1488 2078 1680 2161 feriarum]
1719 2108 1785 2162 se·

289 2215 557 2296 rninariorum
595 2213 753 2295 alumni
791 2215 1069 2322 pervenerint,
1109 2206 1256 2295 sedulo
1293 2224 1456 2313 curent,
1497 2222 1543 2301 ut
1580 2211 1661 2312 illi,
1701 2239 1785 2321 quo
1874 2223 1877 2228 ’

217 2333 219 2336 ’
288 2347 525 2457 diligentius
565 2347 763 2428 clericalis
798 2346 1039 2454 disciplinae
1088 2348 1278 2455 vitaeque
1328 2346 1544 2456 religiosae
1588 2345 1794 2427 institutis·

288 2465 538 2579 imbuantur,
584 2480 784 2562 ecclesias¹
807 2479 1038 2588 frequenter
1083 2480 1253 2579 adeant,
1301 2474 1533 2561 fimetio'nes
1577 2476 1786 2560 clericales

289 2626 505 2721 ceteraque
532 2600 587 2693 wid
616 2614 779 2722 generis
810 2608 1034 2695 ministeria
1054 2625 1234 2714 cernant,
1255 2613 1625 2695 ecclesiasticorum
1643 2611 1784 2694 'homi-

179 2727 209 2808 ss
287 2776 389 2829 num
418 2744 716 2828 consuetudine
744 2756 942 2844 utantur,
982 2756 1106 2854 atque
1135 2746 1353 2854 multiplici
1392 2748 1551 2833 ratione
1586 2743 1785 2826 clericalis

256 2882 397 2961 ⁴vitae
427 2878 573 2960 officiis
602 2891 852 2959 assuescant.
869 2876 904 2957 3)
966 2878 1209 2988 Vigilabunt
1238 2881 1383 2978 etiam,
1424 2889 1470 2960 ut
1509 2878 1595 2987 qui
1615 2889 1785 2960 tonsura

288 3012 465 3093 clericali
497 3013 587 3119 jam
638 3011 822 3120 insigniti
868 3023 984 3108 sunt,
1031 3013 1181 3162 'capitis
1229 3041 1426 3094 coronam
1476 2995 1660 3093 deferant
1708 3037 1784 3119 pa·

289 3156 465 3241 tentem,
505 3144 770 3272 vestibusque
810 3144 944 3226 induti
974 3145 1141 3253 proprio
1171 3143 1306 3226 ordini
1327 3144 1652 3254 congruentibus
1686 3171 1783 3251 „per

60 3330 64 3336 ·
158 3351 161 3356 .
288 3278 520 3359 decentiam
560 3276 726 3359 habitus
761 3278 978 3359 extrinseci
1017 3307 1180 3359 morum
1219 3277 1479 3358 honestatem
1518 3277 1783 3359 intrinsecam

289 3407 601 3493 ostendantst‘e
670 3409 780 3493 Oum
810 3438 932 3517 porro
969 3397 1199 3492 minbn'bus
1237 3411 1386 3491 initiati
1425 3381 1667 3507 ordinibus,
1706 3408 1784 3490 etsi

288 3542 538 3652 quandoque
559 3527 801 3624 necessitate
821 3554 917 3651 post
900 3543 1049 3625 tulati
1038 3571 1081 3624 rn
1102 3542 1281 3624 sollenni
1297 3542 1427 3624 Misae
1448 3541 1658 3625 Sacrificio
1678 3541 1783 3624 sacri

287 3677 462 3758 ministri
492 3676 603 3757 vices
632 3668 773 3785 gerere
813 3689 853 3756 et
890 3676 1109 3758 lectionem
1147 3676 1282 3757 dicere
1312 3686 1483 3783 queant,
1519 3706 1544 3756 e
1583 3685 1782 3786 suggestu

287 3838 404 3891 sacro
435 3794 574 3921 tamen
596 3838 672 3917 pro
702 3809 902 3890 concione
932 3809 1079 3905 dicere,
1097 3809 1412 3917 prohibeantur:
1441 3807 1613 3917 parochi
1642 3808 1782 3890 istius-

288 3942 401 4024 modi
442 3940 721 4023 damnabilem
762 3940 938 4022 abusum
978 3943 1148 4023 minime
1187 3943 1406 4050 patiantur.
1468 3940 1548 4023 His
1566 4029 1568 4033 ,
1588 3940 1786 4048 omnibus,

235 4090 239 4099 ’
287 4076 432 4157 intenti
448 4053 452 4061 ’
468 4075 771 4172 testimonimn,
799 4103 895 4182 *qno
936 4073 1119 4157 Clerioos
1148 4074 1203 4156 ad
1238 4104 1377 4157 sacros
1407 4073 1583 4157 Ordines
1613 4088 1782 4183 promo?-

286 4208 455 4308 vendos,
496 4219 735 4316 ceterosque
754 4208 1089 4299 ‘seminariorum
1127 4207 1319 4291 alumnos
1351 4207 1631 4292 commendari
1661 4205 1783 4289 volu·
1845 4212 1848 4217 ‘

287 4370 400 4440 mus,
432 4340 602 4449 parochi
637 4340 872 4449 petentibus
910 4342 1045 4451 magis
1089 4371 1189 4450 „pro
1219 4343 1377 4441 meritc,
1409 4371 1536 4450 quam
1565 4341 1783 4424 affectione

287 4474 451 4583 aliqua“
487 4474 669 4556 tribuant
699 4485 873 4582 oportet.
890 4469 924 4554 5)
1707 4453 1709 4456 ¹

329 4918 508 4999 ²)Auctor
536 4927 628 4982 tract
660 4916 700 4982 de
734 4916 847 5002 dignit.
881 4917 1007 4982 sacerd.
1041 4939 1110 5002 cap.
1145 4920 1175 4982 2
1208 4917 1256 5000 (in
1289 4917 1412 4982 collect.
1442 4917 1525 5004 Opp.
1556 4941 1581 4983 s.
1614 4917 1780 5003 Ambros.)
1849 4911 1852 4916 ’

331 5027 458 5111 ³)b'yn.
488 5026 623 5091 Archid.
654 5026 748 5110 Prag.
777 5048 849 5111 cap.
878 5019 975 5111 supra
1004 5028 1091 5090 citat.
1137 5028 1163 5107 ⁴)
1186 5026 1284 5089 (lonc.
1306 5025 1396 5090 Trid.
1419 5028 1507 5090 Sess.
1531 5026 1622 5160 lllV.
1646 5027 1701 5090 de
1709 5027 1780 5092 Res.

379 5156 449 5225 cap
472 5137 502 5199 6.
551 5135 689 5220 JPont.
712 5135 802 5198 Rom.
827 5133 867 5197 de
890 5133 968 5198 Ord
991 5132 1141 5222 Presbyt.
1243 5152 1246 5159 ·
