3960 5956
247 264 463 331 .26’

286 469 395 552 1111110
424 479 496 549 aut
526 469 711 549 decentia
743 484 905 550 morum
925 470 1183 550 honestatem
1204 458 1468 553 intrinsecam
1490 468 1680 569 ostendit,
1711 478 1785 551 aut

278 603 520 684 'indecentia
548 628 689 716 sacrae
710 601 975 708 professionis
1005 611 1294 710 contemptum
1319 601 1457 711 prodit
1486 600 1612 702 adeo,
1643 612 1689 682 ut
1717 600 1784 683 vel

286 764 337 817 ex
376 735 526 816 vestitu
556 735 785 815 revelentur
815 736 1088 843 cogitationes
1118 733 1316 815 cordium.
1377 733 1489 816 Hinc
1529 762 1579 819 ex
1619 733 1784 817 decreto

287 865 463 950 Concilii
511 865 742 947 Tridentini
791 869 866 949 viri
917 867 1201 966 ecclesiastici,
1246 867 1279 947 si
1327 866 1549 948 honestum
1595 866 1783 954 habitum

287 998 536 1095 clericalem,
578 997 712 1077 ordini
752 1026 801 1078 ac
837 998 1028 1108 dignitati
1069 1009 1385 1107 congruentem,
1426 1009 1468 1080 et
1497 1001 1618 1107 juxta
1657 999 1781 1108 Epis·

287 1133 380 1239 copi
418 1130 717 1229 ordinationem
759 1158 843 1211 non
884 1131 1112 1231 detulerint,
1152 1158 1225 1239 per
1265 1133 1576 1239 suspensionem
1616 1130 1670 1213 ab
1701 1129 1781 1213 Or·

287 1265 383 1346 dine
423 1275 463 1344 et
493 1262 700 1344 Beneficio
713 1325 729 1360 ,.
762 1293 838 1344 nec
887 1293 972 1344 non
1012 1267 1045 1345 si
1087 1264 1211 1356 semel
1252 1266 1427 1373 correpti
1468 1264 1607 1346 denuo
1649 1265 1690 1345 in
1740 1264 1785 1347 id

288 1397 552 1504 deliquerint,
584 1395 707 1476 etiam
738 1423 811 1503 per
840 1397 1114 1504 privationem
1145 1395 1374 1478 officiorum
1406 1406 1446 1478 et
1482 1395 1784 1479 Beneficiorum

283 1529 465 1611 'coerceri
497 1536 669 1634 possunt
700 1538 740 1608 et
770 1527 932 1610 debent.
949 1526 984 1607 3)

404 1674 512 1759 Cum
544 1674 653 1757 Cleri
675 1676 893 1758 saecularis
914 1681 1081 1787 propria
1102 1679 1153 1758 sit
1175 1680 1298 1758 vestis
1319 1679 1458 1759 talaris
1487 1678 1779 1789 nigricoloris,

172 1836 177 1840 ·
287 1810 340 1892 ad
371 1838 496 1918 quam
526 1809 770 1917 gestandam
810 1810 892 1891 fere
923 1813 1084 1910 omnia,
1125 1838 1231 1917 quae
1269 1822 1365 1918 post
1393 1810 1682 1894 Tridentimnn
1713 1839 1781 1892 00-
1882 1834 1885 1839 ’

285 1942 444 2025 lebrata
490 1952 585 2024 sunt
625 1939 813 2023 Concilia
851 1940 1034 2026 Clericos
1075 1920 1300 2054 adegenmt
1316 1941 1372 2024 4):
1404 1943 1584 2026 districte
1620 1943 1784 2026 inhibe·

285 2104 389 2174 mus,
410 2105 463 2157 ne
484 2074 576 2184 quis
597 2074 765 2154 llissam
789 2076 965 2158 celebret
995 2088 1067 2158 aut
1088 2077 1235 2186 aliquo·
1248 2105 1365 2176 sacro
1385 2105 1554 2160 numere
1574 2079 1781 2189 fungatur,
1917 2131 1924 2137 -

286 2212 385 2319 quin
417 2220 529 2292 veste
558 2208 676 2289 talari
708 2209 875 2290 indutus
905 2212 977 2309 sit,
1014 2214 1129 2321 cnjus
1167 2228 1242 2293 ceu
1280 2210 1404 2292 vestis
1454 2214 1575 2293 statui
1607 2209 1784 2293 clericali

285 2345 464 2426 maxime
496 2344 777 2425 convenientis
816 2345 942 2431 etiam
983 2354 1096 2425 extra
1127 2345 1341 2426 ecclesiam
1371 2363 1492 2425 usum
1524 2371 1784 2456 summopere

286 2475 515 2559 laudamus.

403 2625 485 2727 Qui
506 2635 644 2706 autem
675 2637 789 2708 extra
808 2617 1040 2710 functiones
1070 2655 1206 2710 sacras
1226 2626 1502 2728 brevioribus,
1532 2638 1657 2737 prout
1678 2637 1785 2711 tem·

286 2761 398 2870 poris
418 2760 522 2840 ratio
550 2759 647 2860 fert,
679 2762 932 2843 vestimentis
952 2773 1142 2845 utuntur:
1175 2763 1420 2870 exquisitam
1440 2760 1671 2845 indumenti
1701 2763 1784 2846 ele·

286 2893 471 3004 gantiam
502 2894 654 3001 pariter
684 2921 733 2975 ac
753 2894 987 2978 affectatam
1008 2893 1305 3009 negligentiam
1335 2894 1414 2978 sibi
1438 2895 1666 2978 cavendam
1696 2923 1785 2978 esse

287 3026 559 3108 meminerint.
592 3025 873 3136 Praecipimus
898 3040 1036 3112 autem
1053 3031 1236 3130 omnino,
1259 3038 1306 3109 ut
1321 3055 1606 3138 quaecumque
1622 3028 1784 3139 eligan-

287 3170 353 3239 tur
373 3159 561 3240 breviora
581 3158 792 3241 modestae
812 3161 935 3270 hujus
955 3163 1111 3245 folmae
1131 3163 1385 3262 indumenta,
1406 3163 1513 3273 nigri
1534 3172 1607 3243 aut
1627 3162 1784 3246 subob-

288 3293 395 3374 scuri
416 3290 565 3373 coloris
585 3291 678 3411 sint,
709 3292 826 3394 ade0,
856 3306 903 3377 ut
932 3276 998 3385 vel
1029 3325 1079 3378 ex
1099 3295 1283 3403 vestibus
1314 3292 1465 3378 Clerici
1485 3293 1785 3405 dignoscantur

284 3425 342 3508 ab
373 3424 487 3506 omni
519 3425 711 3508 servitute
738 3427 960 3541 saecularis
988 3428 1154 3511 habitus
1185 3427 1407 3512 emundati.
1438 3410 1809 3540 1100100101,οὼ
1860 3482 1864 3489 -

288 3570 419 3676 10111111
460 3558 507 3663 in„
542 3557 621 3663 1100
650 3546 1150 3669 [110νί11011ζο101100111111
1185 3560 1337 3644 collare
1357 3588 1484 3645 cnm.
1506 3559 1784 3672 sermnigri

290 3690 459 3788 coloris,
500 3691 578 3772 nisi
618 3719 694 3800 pro
735 3691 935 3803 dignitate
974 3694 1079 3799 alius
1119 3693 1232 3777 color
1266 3703 1497 3803 competat,
1536 3691 1784 3803 gestandum

288 3821 546 3903 mandamus.
598 3821 884 3907 introductum
915 3838 1053 3911 autem
1083 3828 1307 3911 novissime
1337 3854 1467 3914 usum¹
1488 3826 1631 3935 nigrae
1648 3827 1785 3908 ¹vestis

289 3954 528 4064 superioris,
560 3981 585 4033 a
615 3954 723 4038 00110
755 3986 883 4068 usque
914 3960 1021 4042 infra
1050 3941 1187 4072 genua
1215 3961 1436 4057 demissae,
1467 3969 1509 4040 et
1536 3959 1669 4066 unico·
1690 3957 1784 4068 glo·

289 4088 481 4172 bulorum
528 4095 659 4168 tractu
699 4093 878 4173 anterius
923 4094 1086 4177 clausae
1126 4093 1319 4176 omnibus
1362 4091 1461 4173 viris
1500 4089 1785 4175 ecclesiasticis

289 4251 388 4331 prae
419 4209 570 4303 ceteris*
592 4226 941 4309 commendamus.

338 4993 363 5073 ιι1
386 4994 472 5055 Sese.
495 4993 585 5057 XIV.
609 4994 652 5057 de
672 4994 742 5059 Res.
766 5017 837 5081 cap.
859 4998 889 5060 6.

337 5099 364 5182 ⁴)
388 5098 509 5161 Bened.
532 5100 622 5164 XIV.
648 5101 687 5164 de
711 5102 787 5187 Syn
813 5101 991 5168 1110001111.
1017 5105 1064 5168 11.
1087 5126 1158 5191 cap.
1178 5107 1207 5168 8.
