3960 5956
1678 320 1720 383 55

101 579 107 588 -
225 519 485 638 convenienti
505 547 622 603 sacro
643 521 824 602 sermoni
840 520 906 602 vel
927 520 1244 604 considerationi
1259 509 1418 628 juncta,
1439 521 1720 604 recentissimo

111 652 112 656 ‘
224 663 409 761 tempore
439 653 481 733 in
512 651 699 760 pluribus
727 654 963 760 provinciae
992 655 1115 762 hujus
1145 653 1325 736 ecclesiis
1355 653 1443 734 fieri
1483 664 1524 733 et
1562 683 1588 734 a
1617 653 1720 735 fide-

224 786 332 868 libus
376 786 558 893 piissime
598 785 845 893 frequentari
886 789 1108 870 consuevit.
1171 784 1451 870 Concionibus
1495 788 1720 868 extraordi-
1860 787 1863 797 '

226 919 351 1003 uariis
381 947 526 1004 ansam
556 945 721 1027 quoque
749 918 967 1026 praebent,
999 931 1040 1002 et
1059 922 1274 1003 materiam
1295 919 1607 1002 subministrant
1636 921 1721 1008 sin·
1834 912 1840 921 ‘

165 1133 169 1140 .
225 1051 389 1162 gulares
428 1053 595 1160 majoris
635 1053 835 1153 momenti
875 1063 1046 1158 evcptus
1086 1051 1282 1161 temporis
1321 1053 1608 1162 locorumque,
1651 1054 1721 1161 qui

227 1183 328 1265 dum
348 1177 509 1266 animos
532 1195 751 1293 occupant,
771 1185 903 1285 „corda
918 1186 972 1267 ad
992 1185 1278 1295 excipiendmn
1299 1185 1614 1293 praedicationis
1629 1214 1721 1267 ver-

225 1314 326 1398 bum
355 1318 610 1424 promptiora
639 1317 826 1409 reddunt.
1640 1309 1642 1313 Α

342 1489 570 1571 Hortamur
598 1490 722 1570 ctiam
753 1492 984 1572 animarum
1013 1502 1229 1599 pastores,
1255 1503 1302 1573 ut
1330 1520 1447 1576 sacro
1479 1489 1721 1601 Quadrage-

229 1625 358 1706 simae
401 1634 586 1731 ternpore
632 1624 859 1705 secundum
897 1624 1146 1705 methodum
1195 1626 1238 1704 in
1287 1626 1413 1707 sacris
1457 1606 1723 1706 Missionibus
1780 1704 1783 1709 ,

226 1756 421 1839 usitatam
450 1754 733 1863 parochianos
754 1784 851 1840 suos
889 1784 964 1865 pro
995 1757 1230 1838 diversitate
1267 1750 1389 1839 sexus
1429 1769 1472 1837 et
1499 1767 1630 1838 status
1669 1755 1725 1836 ad

227 1870 493 1997 excipiendas
518 1888 744 1995 peculiares
773 1889 1061 1971 instructiones
1091 1898 1339 1987 convocent,
1378 1876 1527 1997 quibus
1557 1887 1723 1996 potissi·

131 2058 135 2062 ’
225 2048 340 2135 mum
378 2020 430 2101 de
458 2019 632 2129 singulis
672 2030 803 2102 status
842 2022 906 2104 sui
940 2020 1091 2103 officiis
1121 2031 1353 2130 opportune
1390 2021 1548 2118 doceri,
1588 2029 1631 2101 et
1668 2018 1723 2101 ad

224 2151 505 2262 peragendam
525 2151 824 2234 confessionem
838 2152 1091 2254 fructuosam
1106 2152 1358 2262 dignamque
1375 2137 1723 2234 Communionem

228 2283 465 2393 paschalem
495 2285 650 2392 optime
670 2287 905 2392 praeparari
923 2295 1128 2394 potenmt.
1160 2285 1254 2367 Pari
1283 2284 1409 2367 modo
1432 2285 1597 2366 illorum
1625 2313 1723 2393 pra-

116 2506 119 2511 ,
225 2419 311 2504 xim
331 2443 585 2527 magnopere
612 2416 849 2518 laudamus,
880 2421 958 2526 qui,
982 2417 1155 2527 singuiis
1183 2416 1534 2527 Quadragesimae
1564 2416 1721 2515 diebus,

226 2560 322 2659 post
365 2549 537 2632 Missam
581 2550 859 2660 Evangelium
907 2551 988 2632 diei
1022 2550 1258 2659 praelegere
1299 2560 1341 2631 et
1379 2549 1525 2633 breves
1562 2548 1722 2655 aliquas
1832 2582 1841 2595 ¹

224 2682 518 2791 explicationes
558 2682 733 2791 adjicere
774 2684 918 2766 solent.
978 2672 1243 2764 Meminerint
1282 2683 1479 2791 denique,
1521 2683 1722 2790 optimam

66 2848 78 2865 ·
224 2816 456 2898 animarum
472 2816 622 2897 curatis
641 2844 715 2923 per
732 2815 967 2920 catecheses
982 2816 1285 2923 pomeridianas
1302 2815 1437 2897 offerri
1450 2817 1722 2912 occasionem,

227 2976 310 3058 qua
348 2931 474 3030 etiam
512 2948 677 3030 adultos
713 2976 881 3057 pascere
911 2946 1157 3030 salutaribus
1197 2947 1332 3031 verbis
1362 2947 1591 3057 opitulante
1632 2946 1723 3028 Deo

225 3080 448 3188 continget.
874 3126 878 3133 .
1030 3097 1033 3101 ’
1120 3108 1122 3113 ⁴
1230 3130 1233 3137 ·

298 3324 302 3329 -
340 3261 397 3343 Ut
435 3272 574 3343 autem
623 3262 677 3359 ad
712 3261 948 3371 hujusmodi
997 3262 1323 3371 praedicationes
1379 3260 1561 3377 officium
1611 3260 1723 3343 salu-

225 3392 350 3476 briter
378 3395 687 3503 exsequendum
706 3408 932 3502 praecones
961 3405 1073 3477 recto
1103 3397 1337 3477 animentur
1366 3404 1408 3475 et
1428 3404 1606 3504 agantur
1635 3394 1721 3501 spi-

224 3527 326 3608 ritu:
356 3527 554 3609 'divinum
593 3527 706 3608 haud
744 3529 1017 3610 intermittant
1055 3529 1247 3609 invocare
1286 3528 1470 3609 veritatis
1509 3527 1721 3608 doctorem

224 3668 267 3740 et
285 3659 555 3760 Paraclitum,
587 3661 659 3769 qui
689 3659 801 3742 solus
822 3659 959 3743 claves
986 3659 1132 3760 habet,
1163 3660 1397 3768 aperitque,
1429 3647 1596 3766 quando
1617 3658 1718 3756 vult,

135 3793 136 3796 ‘
223 3802 267 3873 et
295 3803 442 3901 potens
472 3804 553 3894 est,
584 3804 631 3874 ut
650 3792 786 3875 verbis
815 3794 900 3875 suis
930 3821 973 3874 se
994 3794 1174 3875 insinuet
1202 3789 1392 3875 fidelibus
1423 3802 1464 3872 et
1494 3791 1618 3874 corda
1646 3820 1722 3899 pe-

223 3935 361 4032 netret
385 3904 631 4009 auditorum.
692 3924 843 4007 Puram
873 3954 995 4034 porro
1026 3936 1068 4008 et
1097 3936 1285 4009 sanctam
1314 3925 1463 4006 iterum
1492 3926 1723 4033 itenunque

227 4057 392 4139 eliciant
411 4059 702 4157 intentionem,
733 4068 779 4139 ut
799 4059 935 4139 solius·
956 4057 1046 4158 Dei,
1077 4086 1162 4139 non
1188 4087 1306 4139 suam
1327 4067 1529 4166 quaerant
1547 4057 1723 4167 gloriam

226 4217 318 4271 nec·
333 4189 445 4270 aliud
476 4190 635 4274 sudoris
662 4192 902 4298 praemium,
934 4192 1013 4272 nisi
1042 4173 1282 4272 animarum
1305 4184 1493 4272 salutem.
1524 4188 1723 4270 Huncin

225 4319 523 4435 finem,.oculos
552 4322 740 4431 protinus
769 4323 824 4404 ad
853 4351 972 4405 suam
1002 4322 1283 4405 infirmitatem
1309 4301 1614 4420 convertentes,
1645 4321 1721 4402 ad-r

173 4521 179 4550 .-
224 4454 396 4539 modum
427 4434 609 4556 caveant,
640 4483 694 4536 nc
723 4455 824 4541 dum
853 4456 943 4538 aliis
973 4455 1308 4565 praedicaverint,
1340 4456 1420 4563 ipsi
1450 4452 1613 4562 reprobi
1634 4452 1723 4534 effi-

230 4588 400 4669 cientur.
420 4585 514 4686 Quo
534 4588 662 4670 tutius
677 4587 854 4694 denique
874 4587 1080 4670 confidere
1100 4599 1265 4697 queant,
1281 4588 1367 4670 fore
1387 4597 1434 4668 ut
1453 4585 1724 4669 ministerium

228 4721 304 4802 rite
333 4720 606 4833 adimplentes
636 4731 796 4829 partem
826 4718 978 4802 habere
998 4724 1232 4804 mereantur
1251 4751 1346 4804 cum
1370 4722 1430 4820 iis,
1461 4720 1532 4827 qui
1552 4715 1725 4800 verbum

228 4850 309 4935 Dei
347 4853 453 4938 bene
492 4854 881 4936 administraverunt
920 4845 993 4940 ab
1013 4856 1150 4936 initio:
1196 4882 1368 4964 gregem
1418 4851 1590 4935 Domini
1639 4877 1724 4931 non

228 4984 355 5068 verbo
385 4998 549 5069 tanturn
581 4988 656 5071 sed
684 4989 851 5096 proprio
882 5015 1047 5096 quoque
1077 4988 1266 5095 exemplo
1297 5012 1469 5097 pascere·
1504 4995 1547 5066 et
1577 4983 1723 5067 docere

227 5146 311 5206 non
325 5185 327 5189 ⁷
341 5119 550 5228 desinant3
587 5121 795 5232 ,grandis
809 5121 920 5206 enim
936 5121 1230 5210 condemnatio
1261 5131 1324 5204 est
1344 5119 1610 5231 componenti
1633 5115 1726 5228 qui·
