3960 5956
278 333 337 396 Lu

168 701 172 711 ,
222 628 225 632 ’
328 630 366 722 2)
395 583 564 711 'sonora
590 609 624 712 a.
651 627 692 709 o.
718 627 762 710 u.
788 608 850 710 rn
875 628 943 833 rc.
956 627 1039 832 px.
1069 628 1116 834 otc
1147 628 1372 733 recognitis
1404 629 1570 713 eonem
1599 630 1717 715 sons

586 784 588 786 ’
888 773 908 833 θ
990 773 1078 835 06Γο
1118 773 1147 834 S.

273 973 403 1049 Dilecto
431 939 519 1077 Fora
542 984 663 1046 Nostro
685 984 856 1046 Foederioo
878 983 912 1046 S.
935 983 988 1048 R.
1002 983 1047 1047 E.
1069 983 1265 1068 Presbytero
1289 982 1462 1048 Gordiaalo'
1490 983 1767 1070 Scbworreabery,

359 1090 605 1171 Arclsiopiocopo
632 1088 806 1170 Progressa.

870 1231 973 1362 rous
999 1249 1065 1362 rr.
1092 1289 1152 1361 ox.

373 1486 500 1549 Dilecte
523 1483 585 1547 Fili
602 1483 728 1566 Noster,
752 1484 894 1547 Salutem
916 1492 948 1546 et
962 1484 1180 1573 Apostolicam
1196 1485 1469 1550 Benedictionem.
1492 1486 1623 1552 Summa
1638 1490 1769 1576 quidem

273 1592 488 1657 consolatione
510 1592 617 1663 affecti
640 1592 767 1673 fuimus,
789 1590 847 1655 ubi
868 1593 1006 1676 primum
1035 1594 1199 1675 novimus,
1228 1594 1285 1676 Te,
1318 1593 1446 1658 Dilecta
1467 1594 1530 1659 Fili
1551 1596 1678 1680 Noster,
1711 1620 1769 1683 pro

273 1702 393 1766 eximia
414 1698 483 1762 Tua
506 1701 624 1784 pietate
647 1707 679 1762 et
701 1697 874 1784 episcopali
898 1697 1112 1763 sollicitudine
1139 1701 1277 1764 salutare
1300 1705 1483 1787 suscepisse
1505 1704 1673 1769 consilium
1694 1727 1768 1771 con·

272 1808 408 1875 vocandi
431 1806 659 1894 provincialem
682 1806 847 1890 Synodum
865 1807 992 1892 jamdiu
1014 1799 1062 1871 in'
1079 1808 1235 1894 Pragensi
1262 1792 1429 1895 provincia
1450 1813 1641 1876 tristissimis
1662 1835 1769 1878 rerum

273 1918 401 1984 vicibus
424 1920 646 1982 intermissam.
669 1919 783 2003 Neque
806 1921 960 1983 minorem
983 1923 1109 2003 experti
1132 1941 1241 1984 stamus
1258 1920 1505 2006 jucunditatem,
1528 1940 1600 1984 cum
1623 1921 1770 2005 ejusdem

262 2032 398 2121 ¹Synodi
420 2045 492 2100 acta
514 2055 662 2120 supremo
685 2036 810 2118 Nostro,
834 2044 866 2100 ct
887 2036 983 2118 hnojus
1006 2036 1141 2100 Sanctae
1157 2035 1251 2100 Sedis
1267 2021 1392 2118 judicio
1415 2032 1618 2116 subjicienda
1639 2035 1769 2098 curasti.

273 2146 345 2210 Nos·
363 2145 502 2231 quidem,
524 2144 613 2210 nulla
641 2147 828 2230 interposita
860 2166 957 2226 rnora,
986 2145 1122 2210 Nostrae
1152 2144 1400 2230 congregationi
1427 2143 1561 2212 Concilii
1589 2147 1769 2213 Tridentini

273 2255 411 2344 decretis
443 2253 572 2320 tuendis
602 2254 914 2340 interpretandisque
948 2257 1149 2340 praepositae
1183 2257 1416 2339 commisimus,
1458 2262 1494 2318 ut
1528 2255 1675 2339 eJusdem
1707 2255 1768 2341 Sy·

272 2364 348 2430 nodi
381 2373 452 2428 acta
484 2386 525 2426 ex
559 2384 645 2427 more
678 2370 826 2426 accurate
860 2362 1089 2448 perpenderet,
1129 2386 1167 2427 ac
1199 2363 1316 2428 deinde
1350 2367 1456 2428 omnia
1487 2364 1599 2429 scdulo
1631 2365 1672 2429 ad
1700 2363 1769 2430 Nos

273 2474 425 2555 referret,
455 2481 486 2535 et
516 2492 692 2556 congruum
721 2471 795 2535 Tibi
824 2493 1013 2558 responsum
1045 2472 1145 2557 daret.
1188 2471 1290 2536 Nobis
1305 2494 1389 2541 ‚vcro
1410 2480 1589 2557 temperare
1611 2494 1675 2538 non
1697 2495 1769 2558 pos·

274 2603 394 2664 sumus,
417 2584 495 2666 quin
511 2582 640 2643 meritas
661 2579 746 2661 Tibi,
769 2580 895 2643 Dilecte
919 2577 982 2642 Fili
1007 2577 1135 2663 Noster,
1158 2578 1196 2644 ac
1211 2578 1462 2645 Venerabilibus
1483 2579 1651 2645 Fratribus
1672 2581 1767 2666 Epis·

273 2692 363 2775 copis
385 2688 464 2752 Tuis
487 2687 705 2771 Suffraganeis
729 2686 910 2750 deferamus
932 2685 1053 2770 laudes,
1089 2696 1184 2751 etex
1207 2691 1312 2751 animo
1333 2676 1542 2754 vehementer
1562 2687 1768 2773 grandemur.

272 2797 420 2882 Namque
442 2797 599 2876 novimus,
621 2816 639 2858 a
661 2795 708 2857 Te
731 2803 763 2858 et
784 2795 824 2857 ab
847 2795 969 2858 eisdem
990 2795 1239 2860 Venerabilibus
1262 2795 1428 2861 Fratribus
1450 2799 1483 2859 in
1505 2798 1565 2860 bac
1579 2795 1768 2881 provinciali

273 2903 404 2989 Synodo
434 2900 584 2966 habenda
611 2923 735 2965 omnem
763 2901 1021 2967 concordissimis
1051 2906 1165 2966 animis
1187 2896 1327 2989 operam,
1361 2902 1551 2968 industriam
1572 2925 1611 2968 ac
1632 2901 1768 2988 diligen·

274 3014 349 3076 tiam
372 3009 550 3075 adhibitam
572 3010 671 3073 fuisse
693 3013 726 3073 in
750 3013 789 3073 iis
811 3010 960 3074 ineundis
982 3009 1139 3093 consiliis,
1174 3033 1255 3095 quae
1279 3011 1368 3074 hisce
1389 3013 1579 3097 praesertim
1601 3011 1769 3075 luctuosis·

273 3121 363 3184 simis
392 3117 589 3202 temporibus
619 3116 660 3181 ad
691 3116 865 3181 catholicae
895 3116 1062 3181 Ecclesiae
1092 3126 1124 3181 et
1153 3120 1248 3202 hujus
1277 3117 1482 3203 Apostolicae
1512 3117 1606 3183 Sedis
1628 3138 1769 3202 eausam,

274 3214 449 3290 doctrinam
472 3247 510 3289 ac
528 3227 603 3308 jura
625 3226 746 3290 menda
767 3233 799 3288 et
820 3226 1062 3311 propugnanda,
1091 3227 1131 3292 ad
1154 3226 1342 3313 populorum
1373 3248 1477 3291 mores
1499 3227 1691 3311 formandos,
1713 3227 1768 3292 ho·

273 3342 431 3400 nestatem
454 3333 635 3416 fovendam,
657 3335 873 3418 pietatemque
896 3335 1087 3419 augendam,
1110 3344 1205 3422 atque
1221 3336 1262 3400 ad
1283 3326 1404 3399 re‘ctarn
1420 3332 1505 3399 Cleri
1527 3337 1769 3420 institutionem,
1808 3322 1814 3333 ’

272 3464 311 3507 ac
334 3444 533 3505 sanctitatem
560 3442 809 3525 procurandam,
839 3440 973 3527 ejusque
1000 3464 1058 3527 pro
1083 3445 1260 3507 animarum
1288 3441 1389 3506 salute
1419 3441 1523 3506 zelum
1551 3441 1768 3528 excitandum,

272 3559 368 3636 atquc
400 3550 441 3614 ad
474 3557 520 3613 tot
551 3552 841 3635 perniciosissimos
873 3551 969 3634 hujus
1006 3550 1245 3615 infelicissimae
1278 3559 1405 3616 nostrae
1433 3551 1621 3636 praesertim
1654 3552 1769 3616 aetatis

272 3679 395 3722 errores
429 3657 661 3744 propulsandos
693 3661 817 3743 possint
850 3658 1040 3721 conducere.
1090 3653 1374 3722 Persuasissimum
1411 3664 1521 3720 autem
1557 3655 1673 3739 Nobis,
1709 3657 1767 3741 Te,

272 3764 400 3829 Dilecte
430 3763 493 3826 Fili
521 3763 655 3845 Noster,
685 3763 880 3848 eosdemque
908 3762 1121 3827 Venerabilcs
1150 3763 1280 3828 Fratres
1307 3763 1415 3829 divino
1437 3766 1566 3828 innixos
1587 3763 1708 3828 auxilio
1729 3786 1769 3828 ea

272 3875 377 3936 omnia
410 3871 522 3955 majori
555 3891 657 3954 usque
690 3870 871 3952 alacritate,
904 3869 1072 3954 vigilantia
1105 3877 1136 3931 et
1169 3869 1273 3933 studio
1307 3862 1434 3956 semper
1455 3892 1527 3934 esse
1549 3873 1768 3956 praestitmos,

274 4001 356 4064 quae
379 3978 422 4041 ad
443 3979 597 4061 majorem
620 3978 682 4040 Dei
706 3977 840 4061 gloriam
862 3985 894 4040 et
916 3979 1092 4040 animarum
1115 3975 1248 4041 salutem
1271 3978 1444 4042 curandam
1460 3980 1573 4064 quovis
1587 3978 1681 4043 modo
1695 4000 1767 4063 pos·

273 4095 346 4152 sunt
368 4088 537 4172 pertinere.
581 4085 671 4149 Nihil
692 4106 769 4149 vero
792 4084 985 4166 dubitamus,
1008 4086 1085 4169 quin
1107 4106 1127 4146 a
1147 4084 1194 4148 Te
1217 4085 1403 4171 eisdemque
1426 4076 1675 4150 venerabilibus
1689 4084 1767 4150 Fra

170 4196 173 4201 ’
275 4195 378 4260 tribus
401 4193 656 4259 ferventissimae
673 4193 743 4256 Deo
760 4191 888 4279 Optimo
910 4190 1052 4256 Maximo
1075 4193 1143 4254 sine
1159 4194 1391 4258 intermissione
1410 4192 1623 4259 adhibeantur
1644 4214 1768 4278 preces,

272 4312 307 4368 ut
329 4311 476 4387 exurgat,
499 4310 531 4364 et
547 4299 674 4385 judicet
696 4321 825 4365 causam
849 4319 949 4383 suam,
972 4320 1010 4362 ac
1032 4301 1290 4384 praesentissimo
1325 4321 1381 4364 suo
1403 4300 1524 4365 auxilio
1546 4300 1631 4364 adsit
1655 4298 1768 4384 Nobis,

272 4410 356 4475 adsit
387 4408 554 4474 Ecclesiae
588 4430 681 4489 suae,
716 4428 888 4493 omnesque
920 4405 1087 4470 Ecclesiae
1122 4415 1154 4469 et
1183 4408 1278 4490 hujus
1308 4406 1512 4493 Apostolicae
1543 4406 1638 4472 Sedis
1659 4408 1767 4472 hostes

274 4517 429 4599 humiliet,
451 4538 571 4602 eosque
594 4517 634 4580 dc
656 4517 832 4601 iniquitatis
854 4516 908 4580 via
929 4513 971 4577 ad
987 4514 1134 4596 justitiae
1157 4512 1333 4600 salutisque
1355 4516 1513 4580 tramitem
1535 4514 1679 4579 reducat
1700 4514 1769 4579 Nos

273 4626 400 4689 interim
430 4624 517 4688 haud
550 4626 722 4688 omittimus
755 4626 859 4709 ipsum
892 4622 1175 4686 clementissimum
1215 4619 1368 4687 bonorum
1408 4624 1548 4685 omnium
1583 4621 1768 4707 largitorem

273 4730 380 4794 Deum
414 4729 592 4812 humiliter,
626 4731 785 4816 enixeque
818 4750 908 4794 orare
942 4737 974 4792 et
995 4727 1182 4811 obsecrare,
1215 4737 1250 4792 ut
1278 4727 1441 4793 uberrima
1470 4750 1617 4815 quaeque
1640 4728 1768 4794 divinae

273 4858 349 4901 suae
383 4839 505 4921 getiae
538 4837 621 4902 dona
649 4858 746 4923 super
778 4837 825 4901 Te
858 4844 891 4900 ct
919 4843 1181 4900 commemoratos
1203 4834 1415 4901 Venerabiles
1447 4836 1577 4901 Fratres
1610 4837 1767 4922 propitius

273 4945 472 5009 continenter
493 4942 646 5028 effundat,
670 4966 752 5029 quae
776 4945 807 5007 in
830 4942 964 5008 dilectas
986 4963 1113 5028 quoque
1130 4962 1206 5007 oves
1221 4942 1296 5008 'fibi
1312 4952 1344 5008 et
1358 4942 1421 5008 illis
1437 4946 1623 5009 commissas
1639 4945 1767 5030 copiose
1802 4973 1805 4976 ⁴

274 5050 481 5115 descendant.
504 5052 611 5136 Atque
634 5050 746 5116 horum
769 5053 944 5137 auspicem,
967 5058 999 5113 et
1019 5052 1223 5136 praecipuae,
1247 5072 1310 5136 qua
1330 5050 1378 5115 Tc
1398 5049 1648 5135 complectimur,
1670 5048 1767 5114 benc·

273 5157 431 5224 velentiae
458 5160 576 5244 pignus
607 5156 826 5244 Apostolicam
859 5157 1121 5222 Benedictionem
1153 5178 1194 5223 cx
1226 5159 1335 5224 intimo
1369 5157 1465 5223 corde
1494 5157 1670 5250 profectam
1692 5157 1766 5225 Tibi
