3960 5956
220 316 447 420 ,xxxrv

295 516 491 600 vificantem,
514 519 570 603 qui
591 537 634 581 ex
655 517 752 584 Patre
773 518 920 606 Filioque
942 522 1098 606 procedit.
1141 520 1206 601 Qui
1228 545 1302 589 cum
1324 524 1420 590 Patre
1441 535 1475 591 et
1489 526 1571 593 Filio
1593 526 1691 592 simul
1716 528 1794 594 ado·
1873 568 1881 575 -

295 631 395 707 ratur,
416 633 450 688 et
471 624 744 710 conglorificatm:
766 629 821 714 qui
842 626 969 694 locutus
991 637 1041 694 est
1062 651 1120 714 per
1146 630 1335 716 Prophetas.
1377 632 1421 697 Et
1441 654 1539 698 unam
1562 644 1707 701 sanctam
1730 635 1792 703 Ca·

297 731 449 798 tholicam
476 741 508 797 et
534 733 755 819 Apostolicam
780 735 973 802 Ecclesiam.
1016 737 1180 803 Confiteor
1206 760 1305 805 unum
1327 739 1490 826 baptisma
1510 744 1545 806 in
1565 745 1792 810 remissionem

296 848 513 925 peccatorum.
556 841 599 906 Et
630 850 784 927 exspecto
806 845 1072 911 resurrectionem
1103 852 1308 909 mortuorum.
1351 846 1395 910 Et
1426 849 1526 913 vitam
1558 852 1685 915 venturi
1721 871 1792 916 sae·
1827 894 1836 901 -

297 945 372 1014 culi.
414 947 530 1013 Amen.
992 1012 995 1021 .
1233 959 1243 968 “’
1738 931 1743 938 ’

396 1055 601 1140 Apostolicas
633 1066 665 1122 et
701 1057 940 1124 ecclesiasticas
973 1059 1177 1143 traditiones,
1210 1058 1416 1145 reliquasque
1443 1062 1591 1148 ejusdem
1623 1063 1792 1131 Ecclesiae

298 1162 551 1247 observationes,
574 1173 607 1229 et
628 1167 873 1232 constitutiones
894 1165 1077 1231 firmissime
1105 1166 1240 1231 admitto
1269 1175 1301 1231 et
1322 1167 1514 1253 amplector.
1555 1171 1639 1236 Item
1666 1193 1792 1237 sacram

297 1270 496 1359 Scripturam
512 1272 611 1356 juxta
632 1295 706 1337 eum
728 1295 868 1357 sensum,
891 1295 988 1359 quem
1009 1275 1113 1337 tenuit
1135 1281 1167 1337 et
1188 1281 1276 1338 tenet
1297 1283 1411 1339 sancta
1432 1285 1536 1340 mater
1553 1276 1715 1363 Ecclesia,
1737 1301 1793 1344 cu·

260 1422 262 1427 .
292 1379 350 1464 jus
378 1388 429 1444 est
448 1378 599 1464 judicare
627 1380 667 1444 de
694 1402 771 1457 vero
798 1403 896 1447 sensu
924 1389 956 1445 et
982 1383 1245 1466 interpretatione
1273 1402 1437 1447 sacrarum
1465 1383 1713 1472 Scripturarum,
1736 1387 1792 1453 ad·

297 1488 403 1569 mitt0;
434 1509 497 1553 nec
522 1509 593 1553 eam
623 1491 866 1575 umquam‘nisi
883 1491 981 1575 juxta
1001 1491 1186 1553 unanimem
1208 1507 1409 1553 consensum
1424 1490 1556 1556 Patrum
1578 1494 1738 1579 accipiam
1760 1503 1794 1561 et

299 1595 547 1682 interpretaban·

396 1703 553 1770 Profiteor
574 1726 701 1793 quoque
724 1713 849 1791 septem
876 1727 949 1770 esse
972 1727 1049 1770 vere
1071 1714 1104 1769 et
1125 1708 1253 1792 proprie
1276 1705 1487 1771 Sacramenta
1508 1707 1621 1772 Novae
1643 1708 1752 1795 Legis,
1774 1732 1795 1774 a

297 1811 378 1876 Jesu
405 1811 533 1877 Christo
561 1812 700 1878 Domino
725 1821 834 1878 nostro
855 1814 1017 1897 instituta,
1044 1821 1142 1899 atque
1163 1813 1206 1877 ad
1231 1813 1369 1879 salntem
1390 1814 1522 1879 humani
1544 1818 1689 1901 generis,
1718 1816 1795 1883 licet

297 1941 362 1984 non
377 1921 485 1984 omnia
500 1920 635 2004 singulis
650 1921 844 2003 necessaria,
861 1918 984 1983 scilicet
997 1919 1209 2004 Baptismum,
1229 1919 1523 2006 Confirmationem,
1544 1922 1794 2006 Eucharistiam,

297 2026 543 2119 Paenitentiam,
566 2027 753 2092 Extremam
775 2026 983 2111 Unctionem,
1006 2026 1160 2092 Ordinem
1183 2036 1216 2090 et
1237 2026 1492 2112 Matrimonium,
1513 2028 1634 2115 illaque
1655 2033 1794 2116 gratiam

298 2135 456 2218 conferre,
479 2144 574 2200 etex
596 2136 647 2201 hia
669 2137 885 2223 Baptismum,
908 2135 1193 2200 Confirmationem
1215 2144 1247 2200 et
1269 2136 1425 2201 Ordinem
1447 2139 1517 2202 sine
1539 2137 1709 2224 sacrilegio
1731 2141 1793 2204 rei-

229 2268 231 2277 ·
298 2246 397 2308 terari
423 2266 489 2308 non
516 2265 622 2330 posse.
665 2244 826 2331 Receptos
854 2265 981 2331 quoque
1008 2253 1042 2308 et
1069 2243 1265 2330 approbatos
1293 2244 1461 2309 Ecclesiae
1499 2244 1678 2312 catholicae
1703 2249 1794 2330 ritus,

299 2352 333 2415 in
360 2351 618 2437 supradictorum
645 2355 785 2416 omnium
821 2352 1112 2417 Sacramentorum·
1133 2348 1268 2415 solemni
1299 2351 1575 2419 administratione
1606 2355 1726 2439 recipio
1761 2363 1795 2420 et

300 2458 456 2543 admitto;
479 2462 586 2524 omnia
608 2468 641 2524 et
662 2461 800 2545 singula,
822 2481 905 2546 quae
924 2459 964 2523 de
982 2468 1116 2545 peccato
1132 2458 1290 2542 originali,
1312 2466 1345 2521 et
1367 2458 1407 2522 de
1424 2458 1667 2545 justificatione,
1688 2463 1722 2527 in
1744 2482 1794 2528 sa·

300 2569 472 2632 crosancta
486 2567 676 2631 Tridentina
698 2565 830 2651 Synodo
853 2566 986 2631 definita
1007 2573 1040 2629 et
1061 2565 1226 2631 declarata
1246 2566 1386 2649 fuerunt,
1414 2567 1590 2653 amplector
1612 2576 1644 2633 et
1664 2571 1795 2656 recipio.

400 2672 557 2739 Profiteor
582 2676 718 2759 pariter,
744 2678 778 2738 in
807 2669 1038 2738 Missa'offerri
1060 2673 1132 2736 Deo
1153 2694 1276 2755 verum,
1299 2677 1463 2758 proprium
1485 2684 1518 2738 et
1538 2677 1794 2761 propitiatorium

302 2783 506 2867 sacrificium,
529 2807 587 2870 pro
602 2787 686 2850 vivis
708 2795 741 2849 et
763 2784 938 2865 defimctis3
961 2790 1057 2870 atque
1079 2785 1113 2847 in
1129 2784 1331 2847 sanctissimo
1347 2782 1571 2847 Eucharistiae
1586 2782 1795 2851 Sacramenta

301 2913 374 2956 esse
396 2913 483 2974 vere,
505 2892 635 2957 realiter
656 2903 689 2957 et
710 2893 966 2958 substantialiter
980 2892 1106 2977 Corpus
1128 2900 1161 2955 et
1175 2890 1371 2974 Sanguinem
1394 2912 1460 2955 una
1481 2913 1554 2955 cum
1576 2894 1684 2958 anima
1700 2901 1734 2956 et
1748 2893 1794 2957 di·

301 2999 437 3065 vinitate
466 2998 595 3064 Domini
622 3002 723 3063 nostri
749 2999 830 3064 Jesu
857 2999 991 3081 Christi,
1024 2997 1158 3085 fierique
1191 3002 1433 3063 conversionem
1464 3002 1562 3064 totius
1594 3000 1796 3066 substantiae

301 3108 397 3191 panis
418 3107 451 3170 in
473 3107 615 3192 Corpus,
638 3115 671 3171 et
692 3110 789 3171 totius
820 3106 1018 3171 substantiae
1040 3108 1108 3172 vini
1133 3109 1166 3170 in
1189 3106 1402 3192 Sanguinem,
1429 3129 1526 3192 quam
1552 3106 1795 3174 conversionem

302 3212 470 3281 Catholica
496 3214 645 3279 Ecclesia
666 3213 1055 3279 Transubstantiationem
1079 3212 1230 3300 appellat.
1252 3213 1372 3277 Fateor
1392 3214 1500 3297 etiam,
1523 3214 1584 3279 sub
1605 3214 1708 3279 altera
1726 3224 1795 3280 tan·

302 3327 369 3384 tum
395 3323 503 3407 specie
525 3331 627 3386 totum
649 3331 746 3409 atque
768 3325 929 3407 integrum
952 3322 1126 3404 Christum,
1152 3342 1329 3405 verumque
1352 3319 1597 3385 Sacramentum
1619 3325 1712 3387 sumi.
1756 3333 1763 3342 '

402 3430 597 3494 Constanter
616 3439 711 3494 teneo
733 3429 958 3513 Purgatorium
981 3449 1064 3512 esse,
1086 3428 1275 3514 animasque
1297 3427 1343 3492 ibi
1363 3427 1510 3492 detentas
1525 3427 1669 3502 fidelium
1680 3431 1794 3496 suffra·

302 3539 365 3620 giis
382 3539 501 3623 juvari.
544 3534 751 3601 Similiter‘et
771 3535 909 3601 Sanctus
930 3557 995 3600 una
1017 3557 1090 3600 cum
1110 3536 1240 3600 Christo
1261 3544 1447 3620 regnantes,
1469 3536 1672 3602 venerandos
1697 3547 1795 3625 atque

301 3645 501 3714 invocandos
528 3668 616 3729 esse,
655 3667 775 3734 eosque
804 3647 963 3710 orationes
992 3645 1061 3709 Deo
1088 3665 1146 3729 pro
1172 3643 1266 3707 nobis
1288 3645 1419 3727 offerre3
1453 3650 1550 3731 atque
1572 3665 1682 3709 eorum
1705 3645 1792 3711 Reli·

303 3756 395 3840 quias
418 3777 490 3820 esse
512 3754 725 3820 venerandas.
768 3753 967 3818 Firmissime
989 3773 1099 3818 assero
1121 3753 1279 3836 imagines
1301 3751 1437 3834 Christi,
1465 3773 1504 3816 ac
1526 3751 1689 3838 Deiparae
1712 3775 1794 3817 sem·

302 3882 360 3946 per
381 3859 541 3945 Virginis,
568 3882 630 3925 nec
658 3883 723 3925 non
752 3859 885 3924 aliorum
913 3858 1104 3924 Sanctorum
1131 3858 1299 3923 habendas
1327 3866 1359 3922 et
1385 3859 1571 3924 retinendas
1594 3881 1676 3944 esse,
1698 3869 1797 3946 atque

303 3969 351 4031 eis
385 3966 528 4033 debitum
562 3968 715 4034 honorem
750 3989 789 4032 ac
823 3969 1063 4034 venerationem
1094 3964 1350 4051 impertiendam.
1392 3965 1671 4050 Indulgentisrum
1698 3970 1796 4032 etiam

303 4082 495 4159 potestatem
522 4096 548 4148 a
568 4074 698 4141 Christo
723 4077 757 4139 in
783 4074 933 4140 Ecclesia
961 4073 1106 4138 relictam
1133 4072 1249 4154 luisse3
1276 4071 1466 4160 illarumque
1494 4095 1588 4138 usum
1610 4073 1794 4142 Christiano

303 4184 421 4271 populo
449 4187 590 4249 maxime
619 4184 793 4250 salutarem
821 4204 893 4248 esse
916 4182 1050 4248 affirmo.
1093 4180 1246 4247 Sanctam
1272 4180 1462 4246 catholicam
1477 4181 1655 4248 Romanam
1682 4181 1796 4249 Eccle-

304 4293 385 4356 siam
418 4295 559 4357 omnium
587 4292 808 4359 Ecclesiarum
837 4299 972 4356 matrem
1000 4300 1034 4356 et
1066 4291 1253 4377 magistram
1281 4311 1438 4375 agnosco;
1474 4289 1684 4375 Romanoque
1713 4290 1796 4357 Pon·

297 4397 392 4484 ,tifici,
414 4400 501 4465 beati
517 4400 604 4467 Petri
616 4401 844 4487 Apostolorum
865 4402 1020 4487 principis
1036 4401 1225 4481 successori,
1248 4421 1287 4463 ac
1309 4397 1390 4464 Jesu
1405 4398 1525 4462 Christi
1540 4397 1670 4462 Vicario
1685 4419 1796 4464 veram
1901 4482 1904 4486 μ

304 4507 521 4574 obedientiam
543 4509 697 4595 spondeo,
719 4530 759 4573 ac
775 4510 861 4594 juro.
905 4510 1044 4574 Caetera
1064 4509 1142 4571 item
1162 4508 1270 4572 omnia
1292 4527 1313 4569 a
1335 4506 1436 4570 sacris
1458 4504 1656 4588 Canonihus,
1678 4513 1711 4569 et
1732 4504 1796 4571 Oe·

305 4617 480 4682 cumenicis
503 4617 667 4699 Conciliis,
689 4638 729 4681 ac
750 4617 923 4702 praecipue
951 4636 971 4679 a
998 4621 1206 4680 sacrosancta
1226 4612 1416 4678 Tridentina
1438 4611 1569 4698 Synodo
1591 4611 1719 4695 tradita,
1742 4612 1796 4677 de·

304 4723 410 4807 finita,
436 4732 470 4787 et
498 4723 662 4789 declarata
696 4722 918 4788 indubitanter
948 4724 1069 4809 recipio
1102 4730 1199 4807 atque
1230 4719 1399 4808 profiteor,
1430 4718 1601 4805 ,simulque
1634 4721 1796 4785 contraria

305 4831 422 4914 omnia,
449 4841 546 4917 atque
573 4833 725 4897 haereses
755 4852 974 4918 quascumque
1001 4829 1044 4897 ab
1066 4829 1215 4895 Ecclesia
1238 4828 1417 4912 damnatas,
1439 4836 1472 4892 et
1492 4828 1642 4912 rejectas,
1664 4836 1697 4892 et
1719 4848 1796 4892 ana·

305 4941 539 5025 thematizatas,
561 4962 623 5026 ego
644 4943 765 5025 pariter
787 4940 913 5024 damno,
935 4939 1056 5024 rejicio,
1079 4947 1112 5003 et
1132 4937 1378 5004 anathematizo.
1421 4935 1517 5001 Hanc
1549 4956 1660 5000 veram
1687 4934 1797 5000 catho-

306 5047 402 5113 licam
427 5048 540 5134 fidem,
568 5057 661 5116 extra
687 5070 784 5136 quam
810 5070 905 5114 nemo
933 5047 1043 5114 salvus
1071 5069 1143 5112 esse
1170 5053 1292 5132 potest,
1320 5065 1417 5131 quam
1442 5047 1477 5109 in
1498 5045 1797 5132 praesentisponte

305 5154 472 5246 profiteor,
497 5165 530 5221 et
556 5158 716 5224 veraciter
741 5165 851 5242 teneo,
877 5155 1025 5222 eamdem
1051 5156 1225 5241 integram,
1253 5161 1286 5219 et
1311 5152 1513 5238 inviolatam,
1539 5173 1642 5239 usque
1677 5151 1720 5216 ad
1741 5172 1796 5218 ex·
