3960 5956
1674 288 1759 396 m

249 607 253 613 ἢ
309 525 411 589 Tanto
444 526 557 610 majori
584 527 690 592 cordis
721 526 917 593 exultatione
962 528 1017 592 diu
1040 528 1269 612 desideratam,
1302 537 1335 593 et
1366 530 1495 614 publico
1532 532 1717 596 indictionis

214 632 329 696 Edicto
365 633 508 716 legitime
548 642 758 701 convocatam
789 636 976 720 provinciae
1015 636 1112 719 hujus
1145 635 1311 720 Synodum
1346 636 1444 701 Festo
1476 637 1527 702 Ss.
1565 639 1711 703 Nominis

213 741 350 827 Mariae,
362 740 420 804 'die
443 740 567 805 scilicet
589 743 620 805 9.
642 739 842 827 Septembris
866 741 964 839 1860,
987 744 1041 831 pie
1063 742 1238 828 plaudente
1260 740 1353 806 Olero
1376 753 1408 807 et
1429 743 1517 808 fideli
1539 745 1656 831 populo
1679 747 1712 808 in

211 850 338 911 nomine
360 848 491 912 Domini
513 851 716 934 aperuimus,
750 847 921 933 eidemque
944 848 1052 913 divino
1075 849 1243 913 confortati
1265 849 1401 934 auxilio,
1435 851 1527 935 cujus
1549 855 1714 937 auspicem
1827 850 1831 865 '

210 954 395 1019 laetabundi
410 957 603 1041 'accepimus
626 954 840 1018 Beatitudinis
862 955 1000 1020 Vestrae
1020 953 1242 1042 Apostolicam
1263 956 1529 1022 Benedictionem
1551 967 1583 1022 et
1603 959 1712 1023 lndul-

212 1064 392 1149 gentiarum
427 1062 560 1145 donum,
593 1062 825 1126 faventissimis
850 1063 968 1128 Literis
998 1063 1051 1127 de·
1067 1064 1120 1127 die
1152 1063 1203 1127 24.
1225 1063 1366 1148 Augusti
1389 1065 1471 1142 1860
1496 1068 1713 1130 renuntiatum

210 1170 381 1234 Dominica
401 1169 509 1234 XVII.
531 1178 604 1255 post
634 1171 862 1254 Pentecosten,
894 1192 975 1256 quae
1007 1171 1120 1236 incidit
1151 1175 1185 1236 in
1207 1171 1293 1235 diem
1320 1166 1371 1236 23.
1397 1172 1597 1258 Septembris
1621 1174 1715 1260 1860,

211 1277 470 1343 concordissimis
491 1278 627 1344 vocibus
649 1280 721 1344 Deo
743 1281 864 1364 gratias
885 1275 1197 1365 agentes'faustum,
1229 1290 1265 1345 ut
1292 1284 1345 1367 pie
1373 1280 1592 1366 confidimus„
1611 1281 1708 1362 finem

211 1407 430 1472 rmposurmus.

311 1544 404 1610 Unus
425 1543 642 1608 tantummodo
663 1520 818 1609 absolutis
840 1545 977 1608 feliciter
998 1545 1161 1628 praefatae
1177 1543 1299 1629 Synodi
1315 1526 1495 1610 actionibus
1511 1527 1601 1611 dolor
1614 1546 1708 1635 nobis

214 1655 376 1735 accrevit;
399 1654 605 1737 quippequi,
629 1651 705 1716 dum
727 1672 836 1717 omnes
858 1652 1067 1717 vehementer
1088 1653 1270 1736 optavimus
1291 1637 1334 1715 et
1355 1651 1564 1737 sperabamus
1586 1651 1653 1718 fore
1675 1662 1710 1718 ut

211 1757 345 1823 Concilii
367 1759 464 1844 hujus
486 1760 629 1824 Decreta
651 1766 683 1822 et
704 1759 879 1837 Acta‘sive
912 1780 971 1845 per
1002 1761 1109 1845 ipsum
1141 1760 1324 1843 provinciae
1356 1759 1599 1845 Metropolitam,
1639 1763 1710 1826 sive

211 1867 387 1952 paralium
408 1865 612 1952 Episcopum
636 1865 935 1951 comprovincialem
956 1866 999 1931 ad
1021 1873 1181 1930 sacratum
1202 1865 1416 1930 Beatitudinis
1430 1866 1567 1931 Vestrae
1589 1866 1729 1951 Solium⁴

212 1975 329 2039 deferri
363 1977 502 2060 possint,
537 1957 720 2059 exoptatam
752 1980 867 2056 tamen·
891 1973 1079 2060 acquirendi
1112 1952 1294 2057 bujusmodi
1324 1973 1486 2038 solaminis
1508 1977 1713 2040 occasionem

211 2083 329 2148 frustra
358 2084 524 2167 hucusque
551 2081 739 2167 praestolati
769 2103 888 2145 sumus.
931 2079 1040 2161 Quum
1063 2081 1133 2165 jam
1161 2089 1228 2144 tum
1257 2081 1425 2166 pastoralis
1446 2085 1589 2146 muneris
1609 2083 1709 2147 nostri
1762 2098 1766 2116 ¹
1817 2085 1822 2096 “

210 2189 342 2276 vigiliis,
363 2198 431 2254 tum
451 2192 632 2275 irrequieta
653 2211 712 2275 per
732 2187 843 2253 orbem
858 2187 1079 2253 vicissitudine
1100 2209 1208 2251 rerum
1231 2190 1379 2253 continuo
1402 2189 1602 2253 detineamur
1623 2190 1714 2275 adeo,

211 2308 248 2363 ut
257 2320 351 2363 nemo
361 2306 505 2362 nostrum
519 2299 819 2383 impraesentiarum
830 2295 931 2360 habiti
943 2294 1077 2360 Concilii
1086 2296 1217 2358 nuntius
1229 2293 1339 2359 limina
1347 2293 1572 2380 Apostolorum
1580 2280 1712 2362 visitare

211 2414 321 2491 queat:
356 2403 565 2469 humillimam
590 2404 632 2467 de
654 2401 751 2467 rebus
773 2405 871 2487 actis,
906 2424 1001 2488 quam
1034 2405 1116 2467 sacri
1149 2399 1298 2465 Canones
1330 2411 1362 2466 et
1394 2404 1465 2488 ipsa
1486 2404 1585 2468 corda
1606 2413 1714 2469 nostra

209 2512 380 2598 postulant,
401 2508 595 2589 relationem
622 2513 741 2576 diutius
764 2512 893 2576 differre
915 2511 1002 2576 haud
1024 2521 1204 2596 possumus.

198 2657 200 2661 ’
309 2668 514 2756 Quapropter
543 2693 590 2754 ea,
614 2691 678 2756 qua
701 2671 795 2735 decet
815 2669 971 2759 religione
993 2680 1026 2734 et
1046 2672 1229 2735 reverentia
1244 2669 1378 2734 Concilii
1393 2670 1489 2756 hujus
1511 2668 1715 2754 provincialis

216 2778 300 2842 Acta
332 2786 364 2842 et
392 2778 534 2854 Decreta
562 2779 604 2842 ad
632 2787 776 2849 sanctam
804 2779 896 2843 Beati
923 2778 1015 2842 Petri.
1042 2777 1244 2865 Cathedram
1267 2776 1473 2863 deponimus,
1507 2776 1715 2840 sanctitatem

88 2936 93 2943 .
209 2884 358 2949 Vestram
379 2885 630 2970 profundissima
651 2888 772 2971 pietate
803 2894 987 2970 precantes,
1020 2891 1055 2947 ut
1077 2906 1159 2970 quae
1182 2883 1223 2947 ad
1252 2885 1404 2969 majorem
1433 2884 1497 2948 Dei
1528 2883 1663 2968 gloriam
1685 2893 1718 2948 et

212 2991 451 3056 instaurandam
472 2990 694 3057 ecclesiastici
709 2991 830 3055 ordinis
852 2995 884 3054 in
907 2991 968 3054 hac
989 2992 1154 3075 provincia
1176 2990 1377 3077 disciplinam
1392 2993 1552 3055 communi
1574 2993 1715 3055 oratione

212 3108 245 3162 et
265 3101 449 3184 operatione
482 3101 515 3162 in
536 3100 663 3162 nomine
685 3098 816 3162 Domini
839 3081 1042 3163 decernenda
1070 3101 1248 3183 statuimus,
1280 3120 1512 3183 recognoscere
1531 3107 1577 3173 et
1598 3101 1717 3162 exami-

176 3280 181 3288 ‚
213 3227 299 3290 nare,
330 3226 413 3291 quae
434 3228 493 3291 pro
515 3205 688 3292 fragilitate
711 3207 850 3270 humana
881 3207 987 3268 minus
1008 3211 1096 3268 recte
1119 3206 1334 3291 condidimus,
1368 3209 1529 3291 corrigere
1562 3216 1594 3270 et
1622 3209 1716 3270 casti·

174 3350 180 3360 ·
211 3312 298 3397 gare,
321 3334 403 3399 quae
426 3333 503 3377 vero
525 3313 568 3376 ad
590 3312 775 3397 augendum
798 3312 861 3375 Dei
884 3312 1036 3376 honorem
1063 3321 1138 3398 apta
1169 3322 1202 3376 et
1229 3313 1384 3398 gregibus
1406 3312 1498 3379 nobis
1520 3313 1712 3379 concreditis

211 3419 355 3506 proficua
387 3419 601 3503 videbuntur,
634 3421 833 3484 Auctoritate
863 3419 1050 3505 Apostolica
1081 3419 1237 3506 probare,
1271 3428 1303 3484 et
1333 3431 1368 3485 ut
1396 3404 1532 3507 probata
1552 3421 1710 3507 publicari

133 3536 137 3546 “
212 3536 339 3614 queant,
361 3527 524 3591 licentiam
553 3525 711 3592 benevole
734 3526 879 3590 conferre
902 3527 1062 3612 dignetur.

311 3686 433 3770 Restat,
457 3695 493 3750 ut
515 3687 557 3750 ad
578 3685 690 3751 beatos
713 3684 898 3750 Sanctitatia
919 3684 1055 3749 Vestrae
1077 3685 1179 3770 pedes
1199 3685 1357 3770 provoluti
1379 3686 1610 3751 Benedictione
1626 3688 1712 3772 Apo·

213 3794 325 3860 stolica
347 3795 458 3859 donari
479 3815 669 3878 mereamur,
693 3815 788 3879 quam
809 3816 866 3880 pro
887 3793 1082 3879 nobisipsis
1104 3802 1137 3858 et
1157 3815 1215 3880 pro
1237 3793 1334 3878 hujus
1355 3794 1541 3878 provinciae
1561 3792 1654 3858 Clero
1676 3802 1709 3858 et

208 3901 330 3988 populo
353 3904 463 3967 enixis
484 3902 672 3968 humilitatis
693 3902 846 3989 precibus
868 3902 1093 3987 efflagitamus.

215 4086 339 4172 Pragae
360 4085 458 4151 Festo
480 4109 505 4150 s.
526 4085 698 4151 Adalberti
719 4085 780 4172 Ep.
803 4084 848 4149 M.

214 4200 247 4256 et
260 4192 366 4278 Regni
386 4192 561 4258 Bobemiae
583 4193 713 4258 Patroni

214 4300 266 4365 die
288 4300 338 4365 23.
359 4299 482 4386 Aprilis
505 4300 594 4365 1861.

1116 4529 1301 4625 Sanctitatis
1323 4528 1460 4592 Vestrae

899 4711 1105 4794 humillimus,
1133 4710 1367 4793 devotissimus,
1391 4701 1672 4783 obedientissimus

932 4892 1110 4975 litterius
1136 4890 1304 4973 biliosis
1330 4890 1608 4992 Solvomerberg,

864 5019 1101 5081 archiepiscopus
1118 5018 1347 5080 metropolitanae
1365 5019 1508 5068 neclesiaa
1526 5020 1680 5077 mensis.

1462 5265 1502 5329 4*
