3960 5956
230 257 272 320 90

233 461 368 559 beant,
399 467 523 566 atque
553 457 795 541 tenerrimos
835 486 933 568 erga
970 456 1084 539 illam
1114 458 1285 557 affectis
1325 486 1401 541 0011
1436 460 1598 570 insigne
1627 456 1724 541 fidei

234 605 275 675 et
305 592 565 674 innocentiae
595 601 781 672 tutamen
803 593 894 699 jam
925 590 1108 699 parvulis
1137 590 1349 674 instillent.

351 749 515 833 Fideles
545 750 755 850 inducant,
795 759 841 830 ut
870 749 974 830 festa
1003 752 1091 858 ejus
1130 778 1203 857 per
1232 751 1331 831 anni
1360 749 1579 832 decursum
1608 751 1756 834 rede,

234 870 351 967 untia
380 882 581 991 spirituali
612 884 767 993 gaudio
798 894 839 966 et
867 911 1022 992 magna
1052 882 1282 982 devotione,
1314 883 1455 965 diviua
1484 885 1723 991 praesertim

235 1017 503 1103 Sacramenta
531 1011 830 1123 frequentando
860 1016 986 1125 digne
1016 1016 1179 1115 obeant,
1200 1025 1242 1098 et
1272 1027 1474 1124 quantum
1512 1015 1599 1098 fieri
1629 1025 1725 1124 pot-

237 1153 323 1252 erit,
370 1178 555 1231 mensem
600 1149 700 1257 Maji
741 1150 937 1259 singulari
979 1150 1241 1233 beatissimae
1280 1148 1463 1257 Virginis
1493 1149 1624 1231 cultui
1663 1147 1729 1229 vel

239 1285 408 1395 publico
438 1282 504 1363 vel
534 1283 680 1365 saltem
709 1284 871 1390 privato
902 1281 1104 1363 dedicent.

284 1437 290 1445 ’
356 1423 654 1540 Quotidianum
685 1448 727 1520 et
746 1438 1018 1520 domesticum
1046 1449 1212 1520 sanctae
1241 1437 1396 1520 Mariae
1426 1438 1611 1548 Virginis
1641 1439 1730 1520 cul-

238 1585 328 1657 tum
359 1572 502 1655 sedulo
533 1582 816 1679 promoveant.
858 1570 907 1651 111
938 1572 1084 1679 quavis
1113 1571 1240 1652 domo
1271 1571 1493 1654 christiana
1520 1567 1729 1654 unacum

241 1704 439 1789 Crucifixi
468 1705 650 1814 imagine
689 1703 798 1784 adsit
828 1720 993 1811 q110que
1032 1706 1173 1815 imago
1203 1694 1412 1813 piissimae
1448 1703 1592 1785 Matris
1631 1707 1730 1814 ejus,

240 1840 495 1948 protectrieis
525 1837 795 1939 familiarum;
827 1835 1045 1918 benedicta
1074 1838 1177 1919 haec
1206 1839 1312 1919 inter
1341 1838 1532 1919 mulieres
1562 1838 1731 1918 sacratis

240 1971 392 2082 Augeli
422 1968 558 2051 verbis
578 1969 825 2087 frequenter,
857 1972 1099 2079 praeprimis
1129 1999 1224 2052 eum
1255 1971 1308 2052 ad
1334 1970 1624 2053 salutationem
1654 1999 1729 2051 an·

238 2107 415 2217 gelisam
446 2131 673 2212 campanae
701 2102 935 2211 pulsantur,
962 2103 1128 2185 devote
1159 2083 1372 2203 salutetur,
1412 2104 1566 2186 litaniis
1595 2102 1730 2184 laure-

238 2241 356 2338 tanis,
387 2237 555 2346 hymnis
575 2236 748 2344 aliisque
778 2236 858 2345 piis
886 2235 1094 2345 obsequiis
1115 2236 1354 2341 honoretur;
1386 2236 1463 2319 sub
1494 2238 1582 2346 ejus
1611 2263 1730 2344 praa

240 2374 390 2455 sidium
422 2371 665 2479 confugiant
703 2369 844 2451 fideles
883 2372 928 2451 in
958 2371 1150 2452 omnibus
1191 2368 1501 2452 necessitatibus
1541 2369 1645 2468 suis,
1685 2378 1732 2448 ut
1790 2376 1795 2381 ’

239 2507 293 2591 ab
324 2507 439 2588 omni
470 2504 776 2614 perturbatione
807 2505 949 2603 securi,
980 2503 1148 2584 tandem
1186 2514 1227 2584 et
1256 2505 1299 2584 in
1329 2503 1432 2583 hora
1460 2502 1605 2582 mortis
1635 2499 1730 2581 Vir-

239 2641 349 2748 ginis
378 2637 511 2720 fidelis
532 2636 730 2718 auxilium
761 2637 898 2719 felices
919 2637 1189 2746 experiantur.
1222 2634 1361 2736 Quum
1392 2662 1514 2742 porro
1535 2632 1730 2742 precandi

238 2771 410 2852 modum
450 2769 614 2852 Rosarii
654 2770 822 2851 nomine
862 2771 1124 2851 notissimum
1164 2779 1252 2848 111111
1292 2796 1342 2848 ex
1382 2768 1541 2875 origine
1578 2767 1731 2874 pioque
1871 2766 1874 2772 ’

239 2933 311 3013 per
340 2905 574 2984 universam
604 2901 833 2983 Ecclesiam
863 2931 951 3003 usu,
991 2911 1080 2983 tum
1120 2931 1170 2983 ex
1209 2903 1301 3010 ipso
1341 2913 1487 3007 tenore,
1521 2911 1562 2983 01
1596 2899 1730 2981 fluctu

239 3037 424 3145 alioquin
454 3035 633 3116 maxime
670 3035 748 3116 sibi
779 3034 1115 3116 commendatum
1144 3035 1351 3116 noverint:
1392 3034 1538 3142 spiritu
1568 3041 1731 3113 orantes

240 3169 401 3251 discant
431 3165 702 3275 studeamque
733 3166 875 3248 salutis
912 3179 1076 3249 nostrae
1106 3168 1302 3275 mysteria
1332 3167 1591 3248 sanctissimo
1630 3158 1757 3247 bea-'-

240 3312 306 3382 100
325 3298 481 3380 Μο1100
508 3297 690 3407 Virginis
720 3299 895 3383 Rosario
926 3303 984 3381 ita
1008 3300 1196 3399 recolere,
1226 3311 1272 3381 ut
1302 3311 1342 3381 01
1367 3300 1588 3398 imitentur,
1620 3295 1735 3406 quod

242 3433 465 3533 continent,
496 3442 536 3512 01
567 3431 681 3538 quod
710 3433 956 3539 promittunt
985 3443 1265 3540 assequantur.
1328 3431 1452 3532 Quod
1489 3442 1614 3512 uteo
1644 3456 1732 3511 001-

240 3568 322 3648 tius
362 3566 539 3664 eveniat,
570 3576 755 3672 pastores
794 3566 1025 3646 animarum
1065 3566 1182 3646 illum
1219 3594 1317 3674 prae
1352 3565 1496 3645 ceteris
1536 3589 1734 3645 coronam

242 3698 471 3779 Marianam
501 3696 666 3778 texendi
696 3695 868 3778 modum
906 3699 1010 3779 111101
1039 3697 1180 3779 fideles
1209 3696 1474 3779 introducant
1510 3706 1551 3777 et
1581 3686 1734 3803 propa-

242 3842 353 3941 gent,
394 3832 465 3937 qui
505 3831 588 3911 vivi
628 3830 791 3913 Rosarii
832 3832 999 3912 1101111110
1039 3831 1162 3912 venit.
1223 3828 1320 3912 Non
1360 3831 1498 3912 minus
1538 3829 1734 3910 suscitare
1776 3838 1781 3847 “

244 3972 444 4046 conentur
472 3963 588 4070 pium
619 3973 667 4043 et
678 3964 895 4071 antiquum
916 3992 1085 4063 morem,
1116 3992 1199 4072 quo
1220 3962 1408 4073 singulae
1427 3961 1609 4043 familiae
1637 3985 1734 4069 pas·

244 4099 322 4180 sim
343 4096 555 4176 communi
576 4094 806 4194 devotione,
832 4097 1051 4204 praecipue
1072 4095 1217 4180 diebus
1232 4095 1437 4204 Deiparae
1458 4095 1615 4195 dicatis,
1647 4092 1735 4176 Ro-

245 4231 397 4312 sarium
427 4228 660 4337 persolvere
689 4229 833 4310 solent.

360 4394 419 4477 Ut
448 4403 587 4475 autem
616 4393 873 4503 singulorum
904 4406 1060 4477 crescat
1083 4395 1218 4476 fervor
1238 4405 1278 4477 et
1298 4396 1495 4476 excitetur
1514 4391 1737 4475 aemulatio

246 4539 286 4610 01
305 4528 502 4639 largiores
528 4526 791 4609 obtineantur
811 4526 976 4626 fiuctrrs,
1007 4528 1169 4636 providi
1190 4527 1373 4609 fidelium
1393 4538 1578 4636 pastores
1597 4525 1642 4607 in
1658 4524 1738 4606 ho-

246 4690 390 4743 norem
405 4659 610 4768 Deiparae
626 4661 715 4769 pias
731 4661 774 4740 in
790 4662 874 4741 suis
890 4659 1075 4743 coetibus
1091 4662 1307 4742 instituant
1322 4659 1570 4760 sodalitates,
1587 4657 1738 4767 quibus

239 4797 414 4904 juvenes
444 4795 683 4902 praesertim
713 4804 754 4875 et
772 4794 954 4904 virgines
974 4795 1185 4875 communi
1215 4794 1378 4903 pietatis
1401 4794 1567 4875 vinculo
1590 4790 1739 4902 juncti,

246 4954 271 5007 a
295 4925 390 5007 111101
412 4928 690 5034 emtitatisque
702 4928 866 5035 jactura
892 4928 1072 5009 securius
1103 4936 1424 5035 praeserventur,
1456 4936 1497 5007 01
1526 4927 1738 5035 ingenere

247 5060 546 5167 ingravescenti
575 5087 737 5141 morum
763 5060 1018 5167 conuptelae
1037 5060 1172 5142 fausto
1203 5086 1395 5143 successu
1424 5059 1531 5142 obex
1560 5057 1738 5168 ponitur.
