3960 5956
263 332 265 336 ⁴
283 311 324 375 68

271 509 508 596 Conventio
537 515 678 623 palam
707 516 907 626 agnoscit,
938 544 988 598 ex
1018 542 1162 597 eorum
1182 513 1339 626 origine
1362 514 1416 596 ad
1435 513 1644 600 Ecclesiae
1673 543 1771 626 pro,-

275 647 492 755 prietatem
521 657 708 756 spectent
736 658 778 730 et
797 648 1006 731 Ecclesiae
1036 650 1203 730 nomine
1233 645 1624 733 3111111111511Θ111111.2)
1664 648 1774 735 Viris

275 780 413 888 potius
443 780 604 862 cultura·
631 782 821 891 ingenuis
850 783 981 891 iisque
1011 782 1223 867 catholicis
1253 810 1304 863 ex
1332 782 1456 864 corde
1485 780 1658 864 fidentes
1678 810 1774 892 spa-
1824 809 1828 815 ·

277 940 416 995 ramus
455 913 499 993 in
538 912 732 1014 Domino,
771 914 858 997 fore
899 926 944 997 ut
973 925 1128 1024 quanto
1164 915 1299 1026 magis
1328 916 1590 1002 scientiarum
1618 916 1774 997 lumine
1838 928 1843 940 ‘

278 1046 516 1147 clarescunt,
547 1057 664 1129 tanto
681 1050 840 1157 'majori
860 1051 1101 1132 auctoritate
1124 1061 1166 1132 et
1183 1049 1319 1131 fructu
1338 1050 1548 1158 cooperari
1568 1048 1622 1131 ad
1642 1057 1774 1132 aeter-

215 1267 225 1270 ,
276 1207 375 1260 nam
404 1179 581 1262 creditae
611 1181 689 1263 sibi
711 1184 942 1291 juventutis
972 1161 1147 1266 salutem
1176 1193 1379 1292 satagant.

392 1312 505 1395 Hinc
543 1315 586 1396 in
625 1315 817 1425 religiosa
856 1326 897 1398 et
940 1317 1085 1397 morali
1125 1316 1449 1398 adolescentium
1492 1313 1775 1397 efformatione

276 1446 498 1554 magistros
527 1447 747 1556 religionis,
778 1447 927 1556 quibus
954 1448 1036 1530 hac
1065 1450 1109 1529 in
1138 1477 1181 1531 re
1210 1451 1367 1559 primae
1396 1458 1533 1558 partes
1563 1446 1773 1567 debentur,

277 1575 358 1658 fide
388 1605 473 1659 non
501 1576 603 1659 ficta
628 1589 669 1660 et
698 1581 820 1661 corde
848 1579 1016 1680 lubenti,
1042 1593 1244 1690 quantum
1266 1582 1490 1692 potuerint,
1513 1583 1661 1690 juvare
1689 1606 1775 1661 non

277 1709 486 1815 dubitent,
518 1712 591 1794 sed
620 1714 745 1794 etiam
775 1715 1047 1808 scientiarum,
1078 1715 1228 1822 quibus
1258 1743 1308 1796 ex
1338 1714 1474 1796 officio
1513 1714 1679 1823 proprio
1701 1714 1774 1820 ju-

275 1854 488 1926 ventutem
518 1848 720 1945 excolunt,
752 1846 958 1929 doctrinas
988 1849 1134 1957 spiritu
1162 1858 1204 1930 et
1223 1876 1346 1931 sensu
1373 1846 1576 1931 catholico
1596 1844 1773 1945 tradant,

276 2003 430 2115 quppe
460 2004 542 2084 quo
572 1979 709 2085 variae
729 1981 888 2061 mentis
919 1980 1125 2066 humanae
1155 1981 1412 2105 cognitiones
1440 1980 1562 2061 unius
1591 1977 1774 2061 veritatis

252 2106 442 2352 zato
465 2112 709 2221 junguntur.
742 2109 1003 2221 Oooperandi
1031 2114 1113 2195 hoc
1141 2113 1267 2195 modo
1298 2101 1352 2194 ad
1380 2114 1490 2194 vitae
1530 2112 1773 2194 christianae

368 2270 412 2322 m
442 2243 675 2326 cordibus
656 2273 859 2353 Juvenum
888 2246 1203 2345 inscribendam
1233 2245 1441 2354 quaelibet
1475 2243 1659 2353 profecto
1689 2241 1774 2324 dis-

254 2364 429 2483 ''ciplina
458 2377 669 2486 copiosam
699 2387 741 2457 et
770 2389 1046 2487 opportunam
1084 2378 1321 2488 suppeditat
1349 2375 1609 2462 occasionem
1638 2375 1774 2485 magi·

275 2516 370 2608 stro,
401 2506 498 2595 fidei
527 2509 753 2591 catholicae
782 2512 933 2618 pariter
961 2538 1012 2591 ac
1041 2511 1234 2592 scientiae
1273 2511 1428 2593 lumine
1467 2509 1671 2608 irradiato,
1696 2499 1773 2617 ¹qui

275 2644 342 2725 vel
371 2643 463 2724 ideo
494 2643 677 2727 Verbum
708 2646 967 2726 incamatum
996 2656 1120 2754 prout
1148 2646 1273 2727 totius
1295 2638 1543 2749 'mortalium‘
1563 2643 1683 2741 vitae,
1713 2640 1773 2723 sic

275 2777 400 2858 etiam
439 2779 625 2858 omnium
662 2779 925 2861 scientiarum
963 2776 1104 2886 Alpha
1142 2788 1184 2858 et
1228 2775 1408 2887 Omega,
1445 2776 1692 2885 principium
1731 2781 1773 2883 et

276 2908 402 2991 finem
441 2887 530 2992 esse
569 2905 735 2994 securus
774 2912 937 2994 credere
967 2912 1200 3019 docensque
1229 2909 1411 3018 profiteri
1448 2908 1602 2990 didicit.
1663 2902 1772 2987 Cum

276 3051 416 3124 autem
464 3043 600 3126 verbis
644 3053 867 3153 utcumque
911 3042 1246 3153 persuasibilibus
1290 3040 1496 3124 efficacius
1525 3041 1667 3122 vivum
1707 3037 1772 3117 vi·

273 3155 341 3257 tae
390 3177 443 3257 sit
491 3177 740 3286 exemplum,
793 3177 999 3259 studiosae
1036 3177 1267 3285 juventutis
1319 3174 1597 3269 moderatores
1646 3170 1771 3283 omni,

276 3335 359 3416 qua
388 3309 602 3417 pollemus,
632 3311 873 3391 auctoritate
903 3310 1125 3411 hortamur,
1165 3318 1207 3391 et
1235 3336 1310 3418 pro
1339 3315 1494 3407 sancta
1525 3333 1607 3414 qua
1636 3303 1773 3405 omni·

277 3441 355 3523 bus
386 3441 690 3552 obstringimur,
737 3443 934 3526 charitate
964 3443 1083 3524 enixe
1112 3469 1318 3553 rogamus,
1358 3450 1405 3521 ut
1433 3440 1592 3523 sincera
1626 3445 1667 3519 et
1700 3462 1773 3518 so·

275 3574 360 3656 lida
398 3575 442 3655 in
480 3574 722 3685 religionem
761 3588 803 3658 et
841 3576 1071 3659 Ecclesiam
1110 3576 1272 3684 pietate,
1303 3574 1438 3656 cultus
1467 3570 1595 3654 divini
1624 3579 1666 3655 et
1695 3566 1773 3652 Sa-

275 3717 579 3789 cramentorum
607 3711 869 3792 veneratione
906 3719 1097 3817 rectoque
1135 3736 1224 3806 usu,
1262 3706 1454 3817 religiosa
1493 3704 1703 3787 doctrinae
1732 3711 1775 3783 et

275 3850 588 3950 praeceptorum
618 3841 827 3925 Ecclesiae
856 3842 1153 3941 observatione,
1192 3841 1306 3923 omni
1344 3840 1521 3948 denique
1559 3865 1636 3920 sua
1671 3862 1772 3918 con·

275 3973 505 4055 versatione
537 3972 761 4081 juvenibus
801 3976 1074 4084 praeluceant.
1136 3967 1231 4074 Qui'
1255 3974 1415 4058 muneri
1454 3970 1641 4080 magistri
1677 3994 1773 4050 vere

275 4106 485 4188 eluistiani
515 4105 793 4209 satisfecerint,
825 4109 938 4189 omni
967 4108 1251 4189 aestimatione
1271 4093 1486 4188 ethonore
1512 4102 1628 4214 digni
1657 4103 1772 4204 sunt;

276 4239 447 4321 nomina
476 4267 618 4322 eorum
648 4269 732 4323 non
762 4252 925 4323 tantum
953 4241 997 4321 in
1025 4242 1142 4322 terris
1171 4249 1290 4349 grata
1314 4234 1772 4345 recolentrnmeinoria,

279 4371 352 4454 sed
382 4373 534 4483 scripta
563 4373 686 4456 simul
716 4384 835 4456 amnt
864 4374 906 4454 in
935 4373 1040 4455 libro
1062 4373 1171 4454 vitae
1196 4381 1396 4470 aeternae,
1427 4377 1604 4451 testante
1630 4365 1770 4476 Scrip-

274 4514 386 4587 tura:
442 4503 549 4607 ,Qui
596 4507 708 4589 docti
756 4506 924 4604 fuerint,
969 4496 1187 4616 fulgebunt
1230 4505 1350 4613 quasi
1394 4501 1589 4613 splendor
1631 4498 1773 4582 firma-

274 4641 424 4738 menti,
465 4651 507 4721 et
545 4642 615 4759 qui
655 4637 709 4721 ad
731 4639 937 4748 justitiam
967 4638 1158 4721 erudiunt
1191 4638 1362 4738 multos,
1396 4637 1522 4780 quasi
1558 4633 1740 4718 stellae
1728 4661 1773 4715 m

275 4784 496 4884 perpetuas
525 4774 797 4855 aeternitates.
805 4780 823 4821 “
842 4767 877 4846 3l
1104 4777 1109 4784 '

317 5050 345 5136 ²)
367 5052 469 5117 Artic.
491 5049 620 5116 XXXI.

314 5159 345 5244 ⁸)
369 5160 452 5223 Dan.
477 5159 525 5223 12.
547 5160 578 5222 3.
