3960 5956
1649 360 1692 455 33

196 559 400 659 Clericos,
418 557 762 646 Archidioecesis
784 555 990 655 Antistes,
1022 556 1056 637 si
1087 555 1222 635 virum
1241 552 1560 637 ecclesiasticum
1591 559 1691 641 doc·
1817 661 1819 665 y

197 694 328 775 trinae
357 681 479 773 laude
508 691 694 798 alioquin
724 690 927 772 celebrem
957 699 998 771 et
1026 689 1333 789 meritissimum
1347 701 1526 796 praesto
1556 693 1690 776 habu-

197 826 292 922 erit,
324 825 391 905 cui
411 851 565 904 vacans
584 822 870 931 magisterium
899 833 989 903 tuto
1015 821 1205 902 concredi
1230 822 1385 928 possit,
1416 822 1558 905 audita
1586 825 1689 909 Pro·
1718 819 1719 822 Ὺ

197 958 399 1041 fessorum
419 955 653 1064 theologiae
683 955 886 1037 sententia
905 953 1097 1035 eumdem
1123 951 1229 1035 Suae
1248 951 1454 1061 Majestati
1479 984 1691 1039 commen·

196 1089 313 1178 dabit
341 1070 648 1170 assumendum.

275 1259 279 1265 ·
313 1218 473 1320 Quodsi
503 1230 642 1301 autem
671 1218 827 1301 indicto
849 1205 1052 1299 concursu
1081 1217 1248 1327 publico
1272 1213 1497 1301 cathedrae
1527 1224 1691 1305 vacanti

196 1355 344 1436 melius
373 1353 554 1461 prospici
584 1352 720 1432 visum
740 1350 891 1462 fuerit:
933 1346 1092 1434 curabit
1119 1347 1325 1449 Antistes,
1355 1362 1401 1431 ut
1428 1352 1691 1463 interrogati-

198 1515 324 1584 ones,
366 1513 470 1592 quas
505 1513 580 1592 pro
611 1483 827 1570 subeundo
858 1484 1082 1595 tentamine
1112 1483 1265 1589 scripto
1295 1482 1591 1592 designaverit,
1631 1487 1691 1569 le-.
1743 1476 1747 1484 ⁴

197 1620 344 1729 gitimo
383 1617 510 1699 modo
541 1615 824 1699 Professorum
856 1615 1045 1725 Collegio
1076 1616 1441 1697 communicentur.
1503 1617 1693 1701 Lecticni

198 1751 260 1832 de'
294 1751 481 1832 vacantis
523 1749 748 1858 magisterii
793 1748 1010 1856 disciplina
1053 1775 1179 1854 quam
1219 1760 1507 1831 concurrentes
1552 1765 1693 1833 coram

197 1883 502 1967 Professoribus
540 1880 790 1974 habebunt,
814 1883 876 1962 vir
914 1880 968 1961 ab
1007 1877 1202 1962 Antistite
1231 1880 1462 1989 ¹deputatus
1484 1884 1692 1967 intererit

197 2016 354 2099 Audita
384 2016 480 2097 dein
509 2015 715 2097 sententia
752 2042 838 2095 non
867 2013 990 2121 hujus
1018 2022 1201 2112 tantum,
1241 2012 1315 2095 sed
1354 2003 1395 2094 ct
1423 2015 1590 2098 alterius
1611 2028 1693 2099 cu·

192 2149 363 2258 jusdam
399 2148 627 2231 Facultatis
663 2147 921 2257 theologicae
960 2145 1254 2262 Professorum,
1275 2151 1326 2228 'et
1354 2147 1529 2230 aliorum
1559 2152 1694 2252 etiam,
1805 2237 1819 2250 ,
1884 2195 1889 2203 ·

196 2285 230 2365 si
253 2285 398 2372 -v-isum
427 2283 567 2382 firerit,
599 2282 781 2363 virorum
811 2272 1047 2378 doctorum,
1085 2277 1170 2375 Sua
1199 2278 1394 2387 Majes'tas
1424 2308 1475 2361 ex
1504 2283 1693 2364 ambien-

197 2417 302 2508 tium
332 2427 526 2513 numem,
556 2416 592 2496 si
623 2414 784 2495 nullum
806 2413 945 2494 aderit
974 2413 1176 2494 circa-res
1205 2414 1395 2520 politicas
1421 2413 1694 2516 obstaculum,

199 2576 295 2630 eum
324 2537 577 2647 nominabit,
616 2574 740 2655 quem
770 2538 955 2628 Antiates
983 2544 1038 2628 ad
1065 2544 1324 2653 ⁴praedictum
1353 2575 1505 2638 munus
1534 2546 1694 2630 obeun-

199 2681 299 2791 dum
328 2706 427 2788 prae
457 2682 602 2762 ceteris
630 2679 813 2761 habilem
843 2675 1055 2761 censuerit.

305 2810 452 2894 -Simili
489 2814 649 2893 ratione
678 2811 823 2918 reliqui
863 2810 986 2918 hujus
1015 2799 1252 2917 provinciae
1282 2810 1479 2920 Episcopi
1498 2778 1695 2894 'vacanti-⁵
1845 2819 1847 2821 ’

200 2944 277 3027 bus
292 2944 511 3026 'cathedris
541 2945 765 3054 theologici
795 2945 859 3025 sui
888 2943 1070 3025 Instituti
1099 2944 1362 3053 prospicient.
1428 2942 1530 3026 Nisi·
1561 2946 1695 3026 virum

149 3121 152 3126 ·
200 3077 350 3187 eligere
370 3077 601 3184 praeterunt
620 3076 820 3185 probatae
849 3077 958 3157 vitae
988 3103 1038 3155 ac
1057 3076 1251 3179 scientiae
1271 3073 1393 3156 laude
1413 3079 1695 3186 conspicuum,
1805 3067 1820 3143 ἶ

199 3237 323 3317 quem
353 3198 749 3316 alioquinncverint
768 3210 948 3290 maxime
968 3201 1184 3289 idoneum:
1217 3207 1439 3309 curabmrt,
1469 3222 1516 3291 ut
1539 3211 1696 3293 indicto

200 3370 273 3450 per
316 3354 460 3424 totamx
504 3343 727 3426 dioecesim
772 3371 975 3424 concursu
999 3357 1000 3360 ‘
1020 3342 1192 3449 publico
1243 3342 1503 3449 aptissimum
1547 3328 1722 3453 eligere,

198 3476 432 3586 theologiae
458 3468 721 3586 „magistrum
766 3478 992 3586 contingat.
1054 3473 1356 3557 Concurrentes
1405 3503 1491 3555 non
1535 3485 1697 3559 tantum
1757 3463 1760 3469 ¹

199 3608 425 3719 designatis
460 3608 514 3721 ab
544 3608 754 3717 Episcopo
784 3606 1177 3719 interrogationibus
1206 3608 1359 3716 scripta
1389 3606 1726 3712 elucubratione·

198 3741 471 3841 sabsfaciant,
507 3741 581 3823 sed
610 3753 651 3823 et
681 3743 862 3849 quadam
890 3741 1067 3824 lectione
1097 3727 1238 3822 coram
1267 3741 1502 3850 theologiae
1531 3736 1696 3824 Profes-

197 3874 359 3959 soribus
388 3886 430 3956 et
457 3875 546 3957 viro
576 3874 630 3958 ab
651 3875 848 3960 Antistite
877 3877 1075 3983 deputato
1106 3874 1283 3956 docendi
1303 3866 1544 3985 facundiam
1573 3903 1695 3957 mon-

198 4007 407 4106 strabunt,
446 4008 526 4088 nisi
561 4007 737 4114 probata
774 4008 941 4089 aliunde
982 3996 1105 4089 mlius
1133 4007 1352 4089 alteriusve
1383 4006 1698 4103 candidatomm

200 4138 363 4227 dicendi
403 4139 643 4222 dexteritate
674 4141 927 4248 dispunctio
968 4140 1166 4248 Episcopi
1206 4139 1345 4248 quoad
1380 4140 1698 4248 praelectionem

198 4271 434 4356 habendam
451 4270 864 4359 interveniat'Dicta
895 4272 1224 4382 deysingulomm
1245 4275 1470 4353 tentamine
1494 4253 1697 4354 sententia

93 4475 96 4479 ,
199 4404 482 4487 Professomm
520 4416 606 4485 tam
636 4406 820 4512 ejusdem
868 4406 1049 4496 Instituti
1089 4406 1311 4515 theologici
1368 4434 1493 4513 quam
1533 4405 1699 4511 alterius
1746 4443 1750 4449 ²
1906 4499 1911 4520 ,

198 4537 413 4646 cujusdam
438 4535 681 4644 Episcopus,
704 4538 830 4619 modo
847 4538 1044 4620 mandato
1061 4538 1292 4621 Beatissimi
1309 4536 1441 4620 Patris
1456 4538 1597 4646 quoad
1616 4567 1700 4619 non

198 4669 412 4780 eligendos
441 4671 552 4751 viros
581 4682 748 4788 propter
777 4699 845 4754 res.
868 4671 1058 4778 politicas
1088 4673 1224 4753 minus
1259 4683 1452 4778 acceptos
1491 4672 1699 4775 satisfece-

199 4805 261 4908 rit,
279 4799 311 4883 1)
343 4802 621 4901 Professorem
642 4806 875 4905 constituat,
898 4834 1022 4913 quem
1040 4806 1146 4886 inter
1166 4815 1455 4887 concmrentes
1475 4806 1530 4886 ad
1549 4834 1700 4886 munus
1788 4869 1791 4875 .

200 4936 376 5019 docendi
405 4936 586 5020 maxime
614 4938 796 5023 habilem
825 4969 875 5020 ac
894 4939 1155 5047 promotione
1171 4939 1462 5048 dignissimum
1485 4938 1697 5021 censuerit

202 5125 400 5136 m

253 5201 274 5288 ¹)
296 5200 358 5265 Lit.
382 5201 495 5288 Apost.
523 5201 564 5265 de
591 5201 643 5266 die
672 5202 703 5266 5.
730 5200 995 5267 Novemb.·1855
1023 5199 1360 5286 „Optime.noscitis.“
