3960 5956
1704 331 1747 396 ot

244 531 288 611 in
317 556 466 641 genere
482 553 572 611 ‘nec
601 556 687 610 non
718 556 808 628 eos,
849 529 920 636 qui
950 526 1275 630 catechizantur,
1311 528 1583 638 indulgentiis
1614 531 1743 616 ditare

245 659 512 745 Summorum
541 660 790 742 Pontificum
820 671 992 770 paterna
1022 690 1120 744 cura
1149 691 1235 745 non
1264 664 1492 745 intermisit.
1510 658 1544 742 3)
1603 679 1606 684 ’

360 794 486 876 Liber
515 805 664 893 autem,
696 795 761 874 cui
792 794 835 874 in
865 792 1066 875 tradenda
1105 794 1291 877 doctrina
1320 796 1542 898 christiana
1574 799 1743 881 omnino
1898 861 1910 878 .

243 927 536 1026 insistendum,
568 924 856 1009 Catechismus
881 936 953 1023 est,
985 926 1038 1007 ab
1068 926 1148 1008 hac
1179 925 1349 1035 Synodo
1379 957 1454 1037 pro
1485 938 1573 1009 tota
1602 942 1744 1014 nostra
1895 941 1902 963 ¹

243 1063 456 1171 provincia
491 1058 747 1142 emendatius
785 1058 988 1156 edendus,
1028 1085 1065 1139 a
1094 1088 1176 1168 quo
1212 1060 1399 1142 recedere
1437 1089 1624 1168 vquemve
1660 1064 1741 1144 alio

243 1205 497 1280 commutare
526 1194 681 1276 nemini
710 1191 860 1291 licebit,
891 1203 937 1273 ut
966 1221 1050 1272 una
1078 1194 1133 1276 sit
1158 1195 1344 1275 omnium
1373 1195 1586 1295 institutio,
1618 1205 1668 1277 et¹
1687 1225 1741 1278 ne

242 1326 578 1411 dissentientibus
613 1324 748 1408 verbis
787 1327 901 1434 ipsae
931 1327 1123 1410 veritates
1152 1326 1367 1436 religiosae
1397 1327 1613 1409 videantur
1652 1358 1741 1413 esse

242 1461 438 1555 diversae.
500 1458 548 1540 ld
587 1486 636 1539 eo
676 1459 811 1567 magis
847 1458 1080 1565 requiritur,
1121 1487 1251 1567 quum
1287 1456 1574 1544 Cateohismus
1614 1464 1740 1547 totius

242 1593 510 1677 institutionis
530 1591 746 1700 religiosae
775 1591 829 1674 sit
859 1592 978 1698 quasi
993 1589 1339 1693 fimdamentmn,
1380 1595 1446 1675 cui
1475 1594 1641 1677 uberior
1666 1624 1741 1705 per

242 1725 591 1837 praedicationem
626 1724 741 1807 verbi
770 1722 899 1805 divini
937 1724 1172 1832 explanatio
1211 1726 1400 1808 innititur
1438 1738 1479 1809 et
1508 1739 1739 1837 superstru-

240 1860 342 1959 itur,¹
376 1856 479 1940 liber
508 1841 685 1964 denique
714 1886 800 1939 non
829 1857 1096 1966 parvulorum
1126 1868 1289 1939 tantum
1319 1859 1392 1940 sed
1421 1870 1463 1941 et
1492 1860 1738 1961 adultorum,

241 2020 365 2102 quem
394 1991 449 2072 ad
478 1991 708 2073 doctrinam
738 1992 881 2074 salutis
912 1991 1134 2075 tenendam
1159 1991 1306 2101 legant
1335 1992 1612 2103 relegantque.

194 2176 204 2191 κ
355 2132 544 2214 Proficua
570 2123 841 2214 institutionis
867 2131 1081 2241 religiosae
1108 2131 1328 2216 methodus
1357 2133 1503 2240 poscit,
1534 2144 1581 2214 ut
1610 2132 1737 2251 verba

241 2263 493 2348 Catechismi
520 2265 694 2346 fideliter
721 2264 944 2345 memoriae
969 2264 1232 2368 mandentum
1265 2263 1415 2371 quibus
1444 2265 1635 2348 videlicet
1664 2232 1737 2348 de·

239 2397 379 2484 finitae
408 2398 600 2480 veritates
625 2397 828 2480 revelatae
856 2397 986 2477 instar
1010 2395 1182 2507 >pretiosi
1211 2394 1392 2476 thesauri
1420 2381 1468 2477 in'
1485 2408 1737 2507 congruente

239 2559 342 2614 vase.
365 2529 600 2613 reconditae
630 2528 1043 2637 comprehenduntur.
1104 2517 1327 2625 Memoriae
1356 2538 1502 2641 ,autem
1536 2529 1737 2638 impressa
1796 2512 1799 2518 ¹

239 2674 281 2746 et
310 2664 603 2775 imprimenda,
634 2689 687 2743 ne
716 2661 843 2745 verba
871 2661 955 2744 sint
983 2687 1094 2742 mere
1123 2661 1334 2759 sonantia,
1359 2661 1409 2740 in
1439 2688 1513 2742 suo
1543 2688 1667 2745 sensu
1696 2674 1738 2749 et
1816 2666 1821 2675 “

237 2823 347 2878 nexu
375 2797 452 2881 rite
492 2795 777 2906 explanentnr,
818 2821 901 2902 quo
938 2793 1098 2878 facilius
1139 2806 1181 2876 et
1208 2792 1365 2876 firmius
1404 2794 1553 2887 animis
1591 2795 1736 2883 inhae-

236 2939 373 3029 reant,
413 2940 456 3010 et
494 2957 589 3031 cum
628 2926 709 3010 fide
748 2928 1039 3017 retentavero
1077 2926 1285 3035 peculium
1322 2926 1485 3009 animae
1524 2928 1735 3039 spirituale

236 3060 428 3145 efficiant.
467 3057 728 3170 Quapropter
757 3059 945 3170 diligenti
973 3059 1110 3143 studio
1140 3057 1444 3157 adlaborabunt
1473 3057 1732 3175 Catechetae,

235 3203 282 3277 ut
308 3193 436 3276 modo
465 3194 692 3279 rectissimo
733 3203 819 3274 tam
848 3190 945 3274 fidei
974 3193 1163 3274 intimam
1192 3193 1500 3301 persuasionem
1539 3205 1582 3276 et
1611 3197 1731 3287 certi-
1881 3179 1890 3227 ⁴

234 3326 440 3426 tudinem,
477 3354 607 3440 quam
636 3325 947 3425 doctrinarum,
975 3335 1099 3435 prout
1126 3334 1241 3410 aetas
1277 3324 1374 3425 fert,
1414 3325 1729 3437 intelligentiam

233 3458 416 3571 parvum
444 3460 647 3572 inserant·
688 3456 800 3540 Huic
828 3456 901 3539 fini
930 3455 1077 3539 intenti
1107 3456 1222 3539 illam
1247 3459 1628 3575 amittetur..
1641 3488 1735 3567 nm:
1753 3558 1769 3567 .,

206 3591 460 3711 Q
467 3613 576 3712 quae
613 3589 727 3674 ideas
756 3591 969 3703 religiosas
1008 3618 1058 3706 ex
1097 3591 1198 3699 ipsis
1227 3590 1784 3711 parvfflssrrtmmeufibru-

232 3753 282 3809 ac
310 3724 347 3809 si
366 3710 956 3808 omnes“il]1s''''esseiit‘in‘sitae
985 3706 1538 3832 iel'ab‘i‘is'ipsisinveniri
1558 3724 1729 3834 possint,

232 3856 421 3941 evolvere
439 3857 601 3962 nititur;
631 3886 658 3939 a
676 3855 768 3940 Deo
789 3857 900 3939 enim
924 3856 1139 3957 revelatae,
1169 3884 1332 3967 semper
1360 3857 1484 3938 etiam
1514 3838 1728 3966 tamquam

220 3948 683 4079 'fflff,mdffibm
722 4000 764 4073 et
792 3987 929 4072 doceri
958 3989 1121 4073 debent.
1153 3987 1435 4075 Abstinebunt
1469 4016 1651 4098 quoque,
1674 3990 1728 4074 ab

232 4122 347 4207 omni
363 4121 715 4210 demonstratione
734 4122 1010 4232 inadaequata
1030 4122 1366 4234 argumentisque
1385 4121 1601 4222 debilibus,
1624 4150 1730 4230 quae

230 4251 356 4338 fidem
384 4282 470 4363 non
499 4253 676 4355 firmant,
707 4254 780 4340 sed
809 4256 947 4364 potius
967 4253 1229 4339 labefactant.
1261 4253 1534 4365 Meminerint,
1565 4253 1730 4358 traden-

231 4396 294 4473 tes
323 4387 554 4473 doctrinam
583 4387 792 4499 religionis
821 4389 1030 4499 cooperari
1056 4385 1225 4496 Spiritui
1251 4397 1406 4487 sancto,
1436 4388 1508 4495 qui
1533 4415 1606 4495 per
1625 4386 1730 4495 bap·

235 4521 405 4624 tismum
434 4520 583 4604 animis
611 4520 879 4632 parvulorum
913 4509 1103 4603 habitum
1138 4518 1235 4602 fidei
1264 4518 1434 4618 infirdit,
1475 4547 1599 4627 quem
1638 4521 1730 4627 ipsa

231 4651 376 4737 sedula
404 4652 676 4753 institutione,
710 4653 937 4761 opitulante
966 4653 1162 4756 nimirum
1202 4651 1348 4735 eodem
1388 4648 1531 4733 sancto
1563 4650 1727 4761 Spiritu,

126 4796 128 4800 ’
231 4783 286 4867 ad
313 4794 454 4868 actum
483 4786 716 4894 promoveri
746 4793 918 4895 oportet.
951 4770 1091 4886 Quum
1120 4794 1259 4867 autem
1289 4783 1383 4868 finis
1412 4784 1516 4894 legis
1546 4785 1600 4865 sit
1629 4784 1728 4867 cha-

230 4970 433 4985 —

274 5045 301 5130 ’)
323 5043 456 5111 constit
469 5044 559 5110 Paul.
576 5044 616 5108 V.
639 5043 712 5128 „Ex
723 5045 845 5110 credito
866 5045 981 5113 nobis“
1004 5046 1044 5110 de
1068 5046 1162 5111 die-6.
1179 5044 1293 5110 Octob.
1311 5045 1401 5111 1607.
1418 5045 1553 5109 Constit.
1570 5042 1727 5109 Clement.

322 5150 387 5220 PP.
408 5151 485 5218 XII.
508 5150 706 5237 „Pastorslis
728 5150 847 5217 officii“
869 5134 980 5234 desdie
1004 5151 1053 5218 16.
1075 5151 1155 5238 Maji
1178 5152 1268 5218 1736.
1487 5251 1527 5318 8,
