3960 5956
279 333 388 400 XLIV

372 532 506 597 Praeter
530 532 609 595 istos
636 533 859 606 oecumenicos,
885 534 920 596 in
947 533 1064 619 quibus
1091 537 1188 599 totius
1214 556 1234 597 a
1260 533 1388 599 Christo
1419 535 1555 598 instituti
1587 535 1767 619 magisterii

275 640 468 724 infallibilaa
488 637 685 704 resonabant
704 658 812 721 voces,
835 640 956 724 pariter
977 642 1200 726 antiquissimo
1217 641 1288 724 jam
1310 661 1392 704 aevo
1404 641 1626 722 particulares
1643 662 1772 727 qnoque

276 749 453 833 reperimus
486 767 594 811 sacros
624 744 819 828 Conventus,
852 748 885 810 in
918 745 1035 832 quibus
1067 746 1266 832 singularum
1297 749 1465 832 regionum
1494 746 1547 812 vel
1577 747 1774 813 dioecesium

276 854 447 945 Antistites
479 854 519 919 de
552 853 659 921 salute
683 855 793 938 gregis
831 853 892 917 sibi
921 857 1082 919 commissi
1116 854 1358 937 consultabant3
1392 853 1496 922 donec
1517 855 1663 920 Nicaena
1690 842 1773 941 Syn·

278 963 359 1028 odas
382 963 468 1027 hunc
501 961 745 1026 saluberrimum
782 983 877 1026 usum
916 962 1039 1027 decreto
1076 965 1226 1047 munivit,
1258 972 1294 1028 ut
1326 966 1476 1029 nimirum
1504 965 1567 1028 duo
1600 966 1774 1046 quotannis

280 1074 313 1135 in
348 1092 475 1157 quaque
502 1071 668 1155 provincia
701 1067 905 1133 celebrentur
941 1068 1096 1134 Concilia
1139 1070 1296 1136 Novimus
1328 1070 1580 1137 innumerabiles
1617 1070 1773 1158 deinceps

278 1180 460 1243 sanctiones
487 1176 586 1240 fuisse
614 1177 818 1258 constitutas,
840 1197 880 1240 ac
913 1175 1116 1261 promulgata
1148 1185 1215 1241 tum
1247 1177 1449 1243 Summorum
1482 1177 1674 1243 Pontificum
1705 1186 1774 1243 tum

276 1285 492 1351 Conciliorum
525 1283 671 1363 decreta,
705 1283 745 1346 de
776 1282 945 1347 retinenda
972 1291 1029 1346 aut
1057 1292 1143 1348 certe
1172 1286 1351 1369 repetenda
1378 1286 1440 1350 hac
1466 1284 1669 1371 Synodorum
1697 1306 1773 1350 con-

209 1452 211 1456 ,
280 1392 461 1457 suetudine.

376 1541 411 1606 Si
438 1542 510 1627 quis
532 1548 639 1604 autem
662 1550 809 1627 quaerat,
846 1563 903 1605 cur
924 1563 944 1604 a
966 1543 1075 1627 primis
1097 1541 1173 1605 inde
1199 1540 1396 1627 temporibus
1418 1549 1484 1605 tam
1499 1541 1689 1625 frequenter
1710 1542 1775 1605 sint

282 1658 460 1715 convocata
486 1647 646 1730 Concilio,
669 1657 702 1712 et
723 1671 781 1712 cur
801 1647 959 1728 Ecclesia,
982 1670 1022 1711 ne
1044 1651 1077 1712 in
1100 1648 1345 1714 desuetudinem
1366 1647 1471 1713 abiret
1491 1670 1570 1713 usus
1589 1650 1661 1731 iste,
1684 1657 1775 1712 tuoto

189 1786 195 1796 ·
280 1761 387 1823 studio
410 1755 620 1835 contenderit,
642 1745 888 1840 respondemus:
910 1754 1056 1820 Consilia
1068 1758 1268 1839 ,antiquitate
1288 1778 1354 1821 non
1375 1755 1477 1820 solum
1499 1755 1557 1819 sed
1578 1763 1612 1820 et
1632 1756 1775 1820 utilitato

278 1887 350 1930 esse
373 1866 556 1949 conspicua,
578 1884 681 1948 eaque
703 1864 815 1946 irrigui
836 1863 933 1926 fontis
955 1861 998 1924 ad
1019 1864 1130 1944 instar,
1152 1870 1253 1926 totum
1275 1862 1442 1927 Ecclesiae
1457 1864 1773 1948 organismumemo·

279 1974 421 2038 lumento
443 1970 619 2036 fecundare
642 1979 675 2034 et
695 1971 807 2054 vigore
828 1969 961 2035 salutari
981 1969 1116 2056 replere.
1212 2055 1217 2067 Ι

294 2153 298 2160 ·
377 2124 445 2210 Ipsi
459 2123 578 2186 etenim
591 2123 674 2185 sacri
686 2121 835 2185 Oenones
851 2129 883 2184 et
894 2129 967 2185 acta
979 2120 1182 2206 Synodorum
1198 2121 1424 2202 vociferantur,
1437 2128 1558 2206 quanta
1579 2141 1622 2183 ex
1636 2121 1675 2183 iis
1691 2140 1773 2183 sem·

277 2252 337 2316 per
350 2229 493 2294 exundet
507 2229 644 2292 utilitas.
667 2227 827 2292 Converte
843 2227 951 2291 oculos
967 2227 1009 2291 ad
1024 2227 1178 2310 Concilio,
1202 2249 1284 2313 quae
1307 2228 1350 2292 ad
1372 2229 1433 2293 hoc
1448 2246 1552 2315 usque·
1573 2235 1700 2311 tempus
1715 2225 1772 2289 ha·

277 2337 346 2403 bita
368 2345 455 2401 sunt:
482 2358 592 2400 eorum
603 2334 667 2398 alia
689 2334 887 2400 orthodoxae
908 2333 985 2400 fidei
1001 2335 1153 2419 dogmata
1174 2335 1393 2417 enucleanmt,
1416 2335 1586 2420 eidemque
1610 2336 1773 2421 oppositos

278 2466 402 2510 errores
419 2443 626 2524 damnarunt3
649 2441 712 2505 aha
730 2442 908 2506 haereticos
923 2444 956 2506 in
973 2444 1149 2506 communis
1165 2441 1430 2506 Christifidelium
1446 2442 1559 2506 Matris
1575 2444 1692 2516 sinum,
1718 2449 1774 2504 aut
1889 2471 1896 2482 ·

279 2551 500 2616 schismaticos
525 2552 561 2613 in
586 2552 724 2613 unitatis
751 2550 908 2631 centrum,
935 2570 955 2612 a
982 2570 1044 2634 quo
1071 2571 1106 2612 se
1132 2551 1195 2635 ipsi
1224 2551 1449 2635 sejunxerant,
1470 2548 1688 2614 restituendos
1710 2547 1773 2612 sibi

180 2694 182 2702 2
279 2679 484 2745 proposuere.
510 2657 549 2720 In
569 2658 606 2719 id
626 2655 690 2720 alia
711 2656 897 2735 incubuere,
919 2664 955 2719 ut
969 2655 1054 2720 Cleri
1069 2655 1243 2741 populique
1259 2657 1425 2722 christiani
1439 2679 1543 2721 mores
1559 2658 1592 2721 in
1607 2657 1775 2742 antiquum

279 2765 482 2853 splendorem
505 2764 758 2829 reflorescerent.
802 2763 919 2827 Omnia
941 2763 1071 2827 tandem
1093 2772 1126 2826 et
1147 2762 1275 2848 singula
1296 2764 1411 2829 eodem
1438 2767 1566 2851 spiritu,
1595 2787 1634 2829 eo
1660 2762 1773 2828 videli-

278 2881 331 2937 cot
351 2873 496 2936 veritatis
529 2871 649 2934 ordinis
682 2870 745 2934 Dei
767 2869 891 2954 gloriae
913 2871 1156 2957 animarumque
1179 2869 1291 2935 salutis
1312 2871 1382 2936 zelo
1404 2874 1556 2954 animata,
1586 2870 1706 2957 ubique
1728 2870 1773 2935 lo·
1816 2869 1819 2874 ’

279 3002 402 3060 corum,
429 2978 516 3042 nullo
543 3001 607 3043 non
634 2970 776 3062 tempore
806 2977 1021 3042 desudavere:
1051 2987 1086 3041 ut
1112 2976 1186 3041 lites
1208 2987 1446 3064 componerent,
1469 2977 1591 3042 abusus
1614 2977 1771 3058 tollerent,

279 3086 434 3157 seandala
459 3094 492 3150 et
517 3087 596 3149 vitia
623 3084 808 3167 evellerent,
831 3065 965 3149 virtutes
988 3094 1145 3166 sererent3
1168 3107 1328 3171 superque
1350 3087 1476 3171 imperii
1498 3084 1664 3150 daemonis
1686 3086 1771 3170 ejus·

232 3272 243 3288 ,
279 3217 342 3281 que
368 3215 510 3259 errorum
536 3194 649 3272 exitio,
682 3193 804 3255 Christi
834 3192 972 3255 Domini
1001 3189 1147 3278 Ejusque
1180 3192 1324 3255 veritatis
1355 3193 1524 3278 imperium
1556 3201 1773 3278 propagarent

279 3301 517 3388 firmarentque.
539 3338 580 3347 -
602 3301 808 3385 Quapropter
829 3320 952 3389 summo
969 3298 1044 3381 jure
1066 3298 1213 3364 Concilia
1233 3320 1294 3362 ceu
1316 3300 1409 3362 nervi
1430 3302 1573 3384 corporis
1594 3299 1772 3383 Ecclesiae,

278 3408 356 3474 fidei
377 3409 631 3491 limdamentum,
653 3407 766 3472 salutis
782 3404 931 3491 publicae
946 3405 1034 3471 basis
1056 3415 1088 3470 et
1105 3405 1252 3489 fulcrum,
1274 3407 1485 3493 ejusdemque
1507 3406 1646 3472 hostium
1661 3415 1772 3490 terror,

278 3539 443 3603 nunquam
465 3538 530 3580 non
550 3523 627 3579 sunt
647 3522 802 3600 spectate.
1847 3500 1854 3515 ”

378 3674 509 3755 Verum,
533 3695 595 3759 quo
618 3670 812 3735 salubriores
836 3671 958 3735 fructus
981 3693 999 3734 e
1021 3670 1175 3737 Conciliis
1196 3673 1256 3736 rite
1279 3672 1451 3738 celebratis
1473 3675 1506 3738 in
1538 3671 1772 3759 rempublicam

279 3783 488 3848 christianam
508 3779 701 3861 redundant,
724 3801 762 3843 eo
783 3781 938 3861 proniora
960 3799 1004 3841 ex
1026 3800 1136 3842 eorum
1157 3776 1310 3864 neglectu
1330 3783 1454 3843 damno
1474 3790 1663 3865 exsurgunt

382 3921 463 3986 Inde
494 3923 565 4007 jam
601 3929 731 3984 sanctus
769 3918 978 4002 Mogimtinae
1011 3917 1179 3983 Ecclesiae
1213 3920 1489 4008 Archiepiscopus
1518 3921 1716 4002 Bonifacius,
1737 3922 1772 3986 in

282 4030 419 4118 epistola
444 4029 487 4093 ad
513 4028 704 4093 Zachariam
733 4026 856 4111 Papam
883 4027 1103 4111 conqueritur,
1130 4048 1195 4090 non
1222 4027 1284 4091 alio
1312 4030 1416 4112 magis
1444 4051 1487 4094 ex
1513 4030 1619 4114 capite
1647 4028 1771 4114 profec-

280 4148 346 4203 tam
368 4160 440 4202 esse
462 4138 496 4200 in
510 4135 685 4200 Germania
701 4134 955 4199 devastationem
977 4133 1155 4216 Ecclesiae,
1178 4137 1246 4200 sive
1262 4137 1296 4199 in
1312 4135 1533 4221 spiritualibus
1548 4139 1617 4202 sive
1639 4140 1673 4202 in
1694 4147 1772 4205 tem·
1842 4216 1845 4222 Ι

208 4237 225 4271 ·’
282 4244 457 4332 poralibus,
479 4264 576 4329 quam
597 4264 640 4307 ex
661 4241 878 4308 Conciliorum
900 4242 1088 4305 cessatione.

380 4377 470 4458 lnde,
499 4397 561 4439 ceu
588 4374 669 4438 alter
695 4374 883 4456 Jeremias,
900 4372 1128 4437 celeberrimus
1152 4373 1441 4440 Mediolanensium
1470 4377 1619 4460 Praesul,
1642 4386 1774 4443 saneim

281 4485 416 4552 Carolus
437 4484 661 4566 Borromaeus,
683 4483 837 4566 temporis
858 4482 910 4545 sui
930 4479 1059 4546 morbos
1082 4480 1281 4566 deplorabat,
1305 4490 1338 4546 et
1352 4481 1393 4547 ob
1409 4481 1518 4547 oculos
1534 4487 1668 4569 proponi
1676 4483 1773 4569 jubet

280 4592 481 4678 probaticam
507 4590 595 4655 illam
622 4592 794 4676 piscium,
821 4596 918 4673 atque
946 4591 978 4653 in
1004 4610 1045 4652 ea
1071 4588 1308 4655 multitudinem
1333 4591 1565 4676 languentium,
1592 4613 1771 4674 coecorum,

281 4701 479 4783 claudorum,
502 4702 759 4787 exspectantium
779 4706 901 4763 motum
923 4717 1039 4785 aquae,
1061 4698 1235 4783 agitandae
1257 4700 1406 4765 nimirum
1434 4698 1583 4785 synodali
1612 4699 1771 4764 consulta·

280 4810 366 4872 tione
389 4815 422 4870 et
441 4806 595 4893 pastorali
617 4805 732 4871 officio.
753 4896 757 4903 Ι

381 4937 612 5004 Verumtamen
635 4962 734 5026 quum
755 4948 846 5003 tanta
868 4941 931 5003 sint
952 4939 1155 5024 Synodorum
1174 4940 1351 5023 commoda,
1373 4940 1510 5027 talisque
1539 4944 1586 5006 eis
1612 4949 1774 5027 competat

282 5051 472 5116 auctoritas:
509 5050 542 5113 in
562 5049 647 5113 votis
669 5048 809 5111 omnium
831 5046 983 5110 Vestrum
1006 5068 1186 5128 censemus,
1208 5049 1282 5112 imo·
1299 5051 1514 5112 macomariam
1540 5050 1773 5131 existimamus,

282 5164 319 5221 ut
332 5156 591 5242 antiquissimum
607 5154 668 5221 boc
689 5177 728 5219 ac
750 5152 997 5220 saluberrimum
1018 5156 1200 5220 institutum
1221 5156 1424 5220 instauretur.
