3960 5956
240 261 301 327 106

140 436 145 442 ’
236 489 307 546 rae
326 460 463 546 labem
491 487 542 542 ac
570 458 717 542 vitium
746 435 958 567 utriusque
988 455 1245 546 Testamenti
1273 461 1448 571 paginis,
1478 489 1564 544 non
1592 461 1731 544 minus
1799 556 1802 562 ,

240 620 366 703 quam
406 590 692 678 ecclesiasticis
741 589 1022 675 sanctionibus
1066 591 1275 693 damnari,
1292 589 1325 672 ¹)
1360 594 1731 704 gravissimumque

237 752 400 834 semper
426 725 551 807 fuisse
574 725 655 809 hoo
679 723 839 808 facinus
869 724 994 805 etiam
1018 725 1131 835 apud
1157 716 1303 835 gentes
1333 736 1374 807 et
1402 726 1582 816 maxime
1611 713 1747 806 odio·'
1813 720 1819 745 '

238 885 344 942 sum.
361 853 397 937 8)
444 855 664 966 Quumque
685 854 788 937 illud
807 855 942 937 varias
971 857 1129 966 species
1149 857 1317 940 induere
1341 857 1483 959 soleat,
1513 867 1561 939 ut
1588 854 1731 938 fideles

240 986 395 1073 Christi
416 987 626 1098 Sanguine
647 988 689 1069 in
709 985 941 1071 libertatem
960 988 1170 1071 restitutos
1190 1015 1330 1073 rursus
1344 988 1387 1072 in
1402 998 1627 1089 extremam
1644 988 1729 1070 rui-
1829 1090 1833 1096 1

238 1148 336 1205 nam
350 1122 595 1232 praecipites
614 1120 821 1228 impellat:
838 1115 873 1200 9)
905 1116 1168 1202 Oatechismo
1188 1118 1380 1204 Romano
1395 1121 1525 1204 innixi
1540 1118 1727 1222 doceant,

242 1282 434 1355 ,usuram
449 1281 549 1352 esse,
566 1252 767 1362 quidquid
783 1262 944 1361 praeter
956 1262 1109 1335 sortem
1129 1261 1170 1334 et
1185 1263 1311 1361 caput
1324 1252 1438 1353 illud,
1459 1252 1573 1362 quod
1583 1252 1727 1336 datum

238 1396 310 1487 est,
334 1387 551 1496 accipitur,
583 1387 670 1470 sive
689 1385 866 1495 pecunia
885 1385 949 1484 sit,
975 1385 1063 1468 sive
1081 1382 1247 1492 quidvis
1266 1383 1390 1486 aliud,
1422 1385 1534 1494 quod
1553 1385 1636 1467 emi
1656 1394 1729 1466 aut

238 1520 445 1605 aestimari
475 1520 607 1627 possit
635 1519 848 1626 pecunia.“
871 1514 923 1597 10)
964 1517 1242 1598 Provocantes
1271 1516 1325 1597 ad
1355 1517 1527 1600 verbum
1557 1515 1728 1598 Domini

239 1651 432 1734 dicentis:
483 1650 699 1752 ,Mutuum
740 1648 856 1750 date,
895 1647 998 1730 nihil
1036 1648 1132 1731 inde
1169 1657 1417 1758 sperantes,“
1439 1646 1493 1730 11)
1530 1660 1728 1731 moneant

237 1782 389 1898 fideles,
419 1794 465 1866 ut
505 1785 539 1865 si
577 1783 797 1892 pecuniam
837 1809 956 1864 suam
991 1780 1192 1864 collocare
1231 1780 1370 1882 velint,
1411 1779 1628 1892 diligenter
1656 1809 1728 1864 ca·

236 1925 372 2016 veant,
411 1944 464 1997 ne
503 1912 737 2023 cupiditate,
778 1913 965 1995 omnium
994 1913 1198 1995 malorum
1237 1913 1362 2014 fonte,
1392 1915 1614 2023 rapiantur,
1655 1913 1728 1996 sed

37 2034 41 2041 ’
189 2068 190 2073 ‘
237 2048 374 2157 potius
413 2046 467 2129 ab
506 2045 606 2147 illis,-
646 2049 717 2155 qui
754 2046 941 2128 doctrina
969 2073 1019 2126 ac
1055 2046 1217 2129 virtutis
1256 2046 1389 2156 gloria
1417 2072 1540 2156 super
1569 2056 1727 2176 ceteros

238 2178 471 2279 effenmtur,
502 2177 720 2260 consilium
750 2163 1059 2286 exposcant.'12)

354 2377 392 2457 3.
439 2375 556 2486 Opus
595 2375 764 2459 tandem
803 2375 982 2476 bonurn,
1023 2377 1108 2457 imo
1146 2375 1529 2484 praeclarissimum,
1568 2376 1727 2486 inquo

236 2510 414 2594 charitas
453 2536 552 2618 erga
591 2508 730 2590 Deum
776 2518 817 2591 et
855 2508 1090 2617 proximum
1129 2506 1328 2618 singulari
1371 2507 1498 2591 modo
1541 2507 1727 2620 refirlget,

236 2640 587 2741 commendamus,
618 2638 787 2723 Olerum
816 2639 1008 2722 videlicet
1036 2651 1077 2720 et
1106 2637 1309 2747 populum
1337 2650 1525 2731 nostrum
1554 2651 1727 2752 urgente

235 2773 380 2857 eadem
410 2773 609 2854 charitate
638 2780 845 2881 rogantes,
881 2783 927 2854 ut
956 2771 1057 2853 dum
1086 2770 1137 2852 de
1167 2771 1384 2853 vocatione
1413 2800 1489 2854 sua
1517 2768 1572 2856 nd
1601 2772 1727 2858 fidem

234 2916 276 2988 et
305 2904 535 2987 Ecclesiam
564 2915 684 3014 grato
716 2903 839 2985 corde
868 2905 912 2984 in
942 2902 1125 2985 Domino
1165 2903 1379 3003 laetantur,
1419 2905 1534 2987 varia
1570 2933 1722 3017 propa·

235 3036 400 3150 gandae
429 3034 526 3118 fidei
546 3036 773 3118 catholicae
793 3036 981 3118 instituta
1001 3045 1042 3116 et
1062 3035 1254 3117 sodalitia
1273 3036 1353 3145 piis
1372 3035 1578 3147 suffragiis
1598 3047 1723 3148 atque
1876 3056 1880 3061 ’

77 3227 80 3233 ·
234 3168 518 3277 eleemosynis,
549 3179 751 3277 quantum
782 3168 973 3277 poterint,
996 3170 1155 3277 juvent,
1186 3178 1376 3250 aeternae
1405 3168 1571 3252 illorum
1601 3170 1724 3255 saluti

235 3301 448 3411 provisuri,
480 3300 551 3410 qui
579 3301 624 3381 in
653 3298 831 3383 tenebris
860 3311 957 3383 sunt
985 3309 1027 3383 et
1054 3300 1098 3380 in
1127 3299 1274 3382 umbra
1302 3302 1446 3383 mortis
1483 3300 1639 3404 sedant,
1668 3302 1724 3386 ad

234 3434 471 3544 dirigendos
511 3433 638 3542 pedes
676 3461 820 3516 eorum
858 3434 901 3514 in
937 3435 1049 3516 viam
1078 3435 1203 3543 pacis.
1265 3432 1469 3517 Volumus
1497 3434 1648 3544 itaque,
1677 3445 1726 3518 ut

234 3593 341 3676 quae
372 3594 445 3675 per
473 3566 731 3676 provinciam
760 3576 945 3649 nostram
974 3565 1165 3675 publicae
1200 3566 1245 3646 in
1274 3566 1455 3649 ecclesiis
1495 3567 1724 3678 eleemosy-

233 3726 381 3781 narum
411 3697 675 3781 collectiones
704 3698 817 3779 hunc
846 3699 889 3779 in
919 3698 1045 3780 finem
1074 3696 1161 3780 fieri
1187 3696 1331 3799 solent,
1360 3699 1543 3782 maxima
1569 3700 1725 3783 sollici·
1810 3742 1817 3749 ·
1860 3689 1868 3702 ’

232 3829 377 3913 tudine
406 3840 736 3939 promoveantur,
767 3840 895 3940 utque
924 3833 967 3912 in
996 3842 1208 3940 posterum
1228 3831 1350 3913 etiam
1371 3828 1466 3914 illae
1484 3834 1723 3942 pracsertim

233 3961 472 4045 sodalitates
500 3961 645 4044 sedulo
667 3973 958 4072 propagentur,
989 3991 1096 4072 quae
1116 3962 1194 4045 sub
1214 3964 1443 4072 patrocinio
1463 3964 1724 4052 beatissimae

234 4093 416 4204 Virginis
446 4093 601 4177 Mariae
629 4093 847 4178 Missiones
876 4096 928 4176 in‘
949 4094 1090 4177 Afiica
1119 4095 1287 4177 centrali
1308 4097 1472 4205 juvant,
1506 4099 1585 4182 sub
1614 4102 1724 4210 ejus-

232 4225 328 4309 dem
357 4225 652 4309 Immaculatae
681 4225 801 4309 titulo
845 4228 902 4309 rei
932 4228 1160 4310 catholicae
1198 4256 1272 4336 per
1300 4225 1512 4313 Orientem
1551 4257 1718 4316 succur-

231 4367 338 4458 runt,
368 4359 446 4441 sub
474 4384 507 4442 s.
539 4356 742 4467 Leopoldi
771 4360 939 4442 nomine
968 4359 1234 4444 Missionibus
1263 4362 1306 4444 in
1325 4359 1518 4446 America
1541 4375 1720 4474 septem·

278 4635 304 4719 ¹)
326 4634 425 4704 Cone.
456 4635 606 4702 Lateran.
639 4637 700 4702 111.
733 4659 805 4724 cap.
837 4638 907 4721 25.;
940 4638 1040 4705 (lonc.
1061 4638 1178 4703 Vienn.
1212 4637 1402 4706 Clamantin
1434 4639 1506 4706 libr.
1535 4642 1576 4720 V.
1611 4646 1660 4709 tit
1689 4644 1720 4710 ὃ.

330 4765 400 4830 cap.
422 4766 475 4809 un.
521 4745 548 4828 ⁸)
570 4743 641 4810 Cat.
663 4744 754 4811 Rom.
776 4746 837 4812 loc.
860 4748 913 4812 cit
936 4766 1007 4832 cap.
1029 4746 1058 4809 8.
1081 4753 1204 4832 quaest.
1227 4746 1276 4810 11.

276 4850 302 4932 ¹)
325 4847 458 4916 constit
480 4849 648 4918 Benedict.
671 4852 734 4918 ΡΡ.
758 4853 849 4918 XIV.
872 4853 960 4937 „vix
980 4855 1149 4940 pervenir‘
1171 4853 1212 4918 dc
1234 4853 1287 4919 die
1311 4857 1338 4919 1.
1360 4854 1442 4922 Nov.
1466 4857 1557 4924 1745.

267 4956 306 5040 ¹⁰)
328 4954 397 5022 Cat
418 4956 509 5024 Rom.
532 4979 602 5045 cap.
625 4966 658 5024 et
679 4968 803 5046 quaest
825 4963 879 5026 cit.
929 4959 968 5045 ¹¹)
997 4960 1075 5028 Luc.
1096 4963 1126 5046 6,
1148 4962 1198 5028 36.
1566 4999 1573 5005 ·

267 5062 305 5147 ¹²)
328 5063 438 5132 Conrt
459 5065 582 5132 Bened.
605 5065 668 5131 ΡΡ.
690 5065 781 5134 XIV.
803 5089 901 5154 supra
922 5068 975 5132 cit.
