3960 5956
260 319 302 382 a
382 296 384 301 ,

257 523 443 632 proprias
481 521 589 604 vires
628 520 902 630 conjungant,
942 521 1026 601 imo
1066 520 1145 630 ipsi
1183 549 1324 603 eorum
1354 521 1554 605 desideria
1582 551 1755 632 praeve-

256 655 383 736 niant.
443 653 706 736 Meminerint
744 652 1014 761 quaesumus,
1060 680 1203 737 omnes
1243 665 1284 736 et
1313 656 1509 766 singulos,
1549 666 1755 766 quotquot

255 789 300 868 in
338 789 423 872 suis
462 785 626 869 fabricis
667 787 873 895 operarios
913 795 954 867 et
989 783 1166 869 famulos
1204 797 1437 888 numerant,
1476 799 1572 871 ante
1611 791 1774 911 omnia.

256 919 375 1030 Regi¹
394 919 650 1002 saeculorum
680 916 869 1000 famulari
899 917 1057 1018 debere,
1089 904 1139 1001 et'
1159 922 1339 1030 supremi
1378 948 1543 1030 quoque
1582 921 1754 1005 Domini

255 1054 462 1162 operarios
492 1052 700 1162 appellari,
731 1079 808 1133 nec
836 1080 921 1133 non
950 1071 1035 1135 una
1053 1053 1271 1138 nobiscum
1290 1054 1350 1135 illi
1369 1054 1548 1136 familiae
1568 1054 1753 1165 adscrip-

207 1181 209 1185 ’
253 1194 318 1268 tos
348 1214 448 1285 esse,
478 1213 553 1295 pro
584 1212 667 1293 qua
696 1183 901 1266 Dominus
925 1193 1070 1267 noster
1098 1185 1223 1269 desus
1253 1184 1442 1271 Christus
1463 1214 1556 1268 -non
1585 1185 1751 1270 dubita-

253 1319 314 1399 vit
350 1317 566 1400 manibus·
597 1317 706 1399 tradi·
742 1319 979 1398 nocentium
1028 1328 1070 1399 et
1118 1315 1263 1401 Crucis
1312 1319 1450 1402 subire
1487 1315 1751 1404 tormentum.

230 1451 366 1533 ·Hinc
404 1450 497 1534 illos
537 1451 662 1533 etiam
701 1451 744 1530 in
782 1450 1002 1559 implendis
1042 1451 1251 1533 christiani
1283 1452 1463 1535 hominis
1492 1451 1638 1536 officiis
1667 1480 1753 1535 non

254 1585 391 1668 solum
429 1584 549 1666 nullo·
588 1583 714 1666 modo
763 1585 1009 1694 impediant,
1057 1583 1131 1666 sed
1169 1582 1266 1666 fidei
1310 1595 1352 1666 et
1389 1585 1575 1670 moribus
1609 1614 1753 1668 eorum

250 1718 523 1828 invigilantes,
564 1717 812 1799 seductionis
850 1717 1032 1827 pericula
1069 1726 1276 1820 avertant3
1322 1718 1462 1799 omnia
1486 1745 1607 1820 vero,
1644 1745 1751 1827 quae

251 1851 373 1933 saluti
403 1878 544 1932 eorum
573 1850 768 1959 prodesse
797 1859 981 1959 possunt,
1016 1859 1190 1959 patema
1217 1850 1490 1942 sollieitudine
1518 1861 1750 1960 procurent.

369 2031 487 2133 Quae
518 2032 570 2114 de
601 2021 752 2115 scholis
781 2030 957 2141 publicis
981 2041 1135 2116 statuta
1175 2043 1286 2131 sunt,
1327 2019 1450 2113 etiam
1490 2033 1630 2141 quoad
1667 2023 1767 2143 pri-⁸
1838 2130 1846 2139 .

236 2160 348 2269 iffi
376 2156 633 2252 erudiendae,
643 2166 873 2273 juventutis
902 2164 1098 2265 instituta,
1130 2166 1172 2246 in
1203 2174 1404 2274 quantum
1433 2165 1582 2247 horum
1601 2173 1749 2247 natura

247 2294 336 2398 fert,
375 2296 653 2398 observentur,
691 2327 820 2408 quum
858 2328 943 2407 non
981 2301 1118 2383 minus
1158 2327 1207 2380 ao
1245 2299 1339 2381 illae
1373 2297 1677 2408 Episcoporum
1707 2307 1748 2380 et
1847 2279 1852 2288 ’

248 2408 524 2539 parochorum
553 2431 797 2540 inspectioni
833 2431 1017 2541 subjecta
1055 2434 1149 2517 sint.
1209 2431 1321 2514 Hinc
1360 2430 1526 2514 scholae
1564 2431 1749 2540 privatae

249 2591 334 2645 non
364 2563 582 2673 erigantur,
612 2564 692 2645 nisi
722 2565 773 2645 de
803 2567 973 2647 scientia
1003 2577 1045 2647 et
1073 2593 1244 2648 assensu
1273 2563 1491 2674 Episcopi3
1529 2562 1760 2677 directores
1824 2654 1829 2659 ,

192 2732 199 2743 ·
248 2706 388 2777 autem
427 2696 503 2776 viri
542 2696 624 2777 sint
671 2695 753 2777 fide
793 2708 834 2779 et
882 2679 1192 2800 conversatione
1231 2693 1394 2805 probati
1440 2706 1482 2777 et
1530 2695 1573 2776 in
1618 2705 1748 2779 tesse-

247 2857 348 2928 ram,
389 2827 502 2936 quod
540 2826 646 2909 bene
685 2828 907 2937 praefuturi
938 2830 1029 2929 sint,
1070 2828 1366 2938 professionem
1395 2827 1491 2909 fidei
1537 2828 1748 2934 emittant3

200 2976 205 2980 '
247 2960 291 3041 in
330 2958 522 3041 omnibus
561 2958 731 3040 tandem
770 2960 1008 3070 hujusmodi
1054 2961 1205 3044 scholis
1253 2960 1440 3074 doctrina
1474 2960 1683 3071 religionis
1721 2990 1748 3042 a

250 3093 460 3175 sacerdote
490 3092 675 3174 tradatur
705 3121 779 3202 per
810 3093 1064 3204 Episcopum
1104 3094 1319 3202 designato
1349 3094 1416 3175 vel
1445 3091 1686 3203 approbato.

364 3273 457 3374 Ut,-
482 3303 589 3384 quae
628 3274 679 3356 de
719 3276 871 3359 scholis
909 3278 1068 3359 sancita
1097 3286 1203 3375 sunt,
1223 3255 1289 3357 'eo
1328 3274 1478 3358 rectius
1523 3275 1745 3359 observen-

246 3417 324 3506 tur,
353 3419 514 3517 praeter
542 3406 728 3490 Vicarios
756 3409 945 3493 foraneos
975 3438 1136 3492 annuae
1165 3409 1410 3491 visitationis
1451 3406 1587 3489 officio
1625 3408 1746 3493 satis·

153 3647 157 3654 ⁴
245 3539 435 3640 facturos,
467 3538 745 3624 Scholasticus
775 3542 1018 3643 dioeceseos,
1050 3543 1210 3651 quoties
1230 3542 1438 3652 Episcopo
1458 3541 1595 3649 visum
1613 3538 1744 3642 fiuent,

245 3673 441 3782 peculiari
470 3671 724 3784 inspectione
759 3674 1001 3785 providebit.

678 4054 686 4067 -
827 3994 1018 4079 OAPUT
1048 3994 1162 4079 Vlll.

740 4215 811 4295 De
851 4162 1024 4298 sobolis
1064 4215 1246 4297 mediis.

301 4516 305 4524 .
362 4445 574 4548 Quantum
599 4456 870 4548 momentum
909 4448 963 4529 sit
1001 4448 1153 4532 scholis
1192 4449 1520 4560 gymnasialibus
1559 4450 1742 4560 aliisque,

244 4605 351 4688 quae
379 4579 485 4662 inter
514 4575 781 4679 elementqres
811 4588 852 4662 et
881 4581 1108 4689 superiores
1144 4580 1409 4662 intermediae
1439 4592 1555 4681 sunt,
1594 4583 1662 4665 vel
1691 4610 1744 4665 ex

244 4740 294 4794 eo
332 4713 472 4821 liquet,
512 4713 625 4821 quod
663 4713 707 4795 in
745 4711 892 4795 iisdem
931 4714 1149 4797 cultiorum
1193 4716 1386 4797 classium
1425 4717 1608 4814 maxima
1644 4742 1742 4826 pars

242 4842 452 4943 formatur,
483 4873 708 4955 omnesque
738 4873 788 4926 ex
817 4847 867 4928 iis
896 4846 1110 4956 prodeunt,
1141 4847 1291 4958 quibus
1310 4843 1529 4958 potissima
1547 4858 1640 4931 turn
1658 4847 1742 4932 Ec·

245 4977 403 5076 clesiae,
447 4988 537 5058 tum
581 4977 849 5088 Reipublicae
892 5007 1064 5062 munera
1108 4981 1338 5083 creduntur,
1383 4982 1437 5064 ad
1478 5008 1584 5091 quos
1621 4981 1742 5093 proin

244 5111 354 5194 oculi
393 5112 579 5193 omnium
618 5109 914 5221 speculabundi
959 5113 1209 5224 diriguntur,
1250 5142 1507 5226 quorumque
1550 5115 1742 5228 exempla
