3960 5956
236 296 278 359 86

234 494 444 578 servandis
475 495 647 577 consilia
674 496 716 575 in
738 493 1029 576 collationibus
1050 476 1325 602 pastoralibus
1346 493 1726 578 communicabunt

232 627 329 710 Una
357 626 585 735 eademque
614 626 766 738 agendi
795 627 900 708 ratio
931 626 1195 734 potissimum
1214 627 1443 733 requiritur,
1474 627 1509 707 si
1538 636 1726 736 tempore

232 760 377 842 messis
407 760 659 868 dispensatio
689 758 745 842 ad
773 758 912 868 fruges
933 757 1188 866 colligendas
1209 767 1378 866 proptor
1402 784 1550 867 graves
1580 785 1726 842 causas

233 891 397 1001 publice
438 891 489 974 de
524 889 704 973 ambone
741 891 1046 1001 promulganda
1075 889 1248 972 videtur.
1289 879 1504 972 'Ceterum
1543 892 1587 971 in
1626 919 1725 974 casu

233 1053 319 1107 non
347 1034 541 1135 urgente,
571 1035 613 1105 et
642 1027 675 1104 si
707 1026 799 1133 quis
825 1023 1176 1131 dispensationem
1205 1011 1385 1132 longiori
1415 1023 1590 1105 termino
1619 1024 1726 1105 vali-

47 1250 56 1264 „
140 1230 144 1235 .
233 1168 367 1239 turam
397 1158 617 1264 impetrare
646 1142 769 1256 velit,
795 1155 1087 1254 recurrendum
1117 1165 1180 1237 est
1208 1155 1263 1236 ad
1294 1155 1561 1263 Episcopum.
1653 1212 1656 1217 -

349 1287 489 1388 Quum
519 1288 664 1371 diebus
694 1288 807 1370 festis
845 1289 890 1369 in
930 1288 1085 1369 laetitia
1125 1289 1179 1368 sit
1221 1288 1401 1396 populus
1445 1287 1536 1388 Dei,
1552 1284 1587 1368 8)
1622 1286 1725 1372 fide-

232 1421 341 1504 libus
379 1421 550 1502 minime
580 1418 850 1528 prohibentur
880 1418 1189 1508 oblectationes,
1225 1401 1376 1527 quibus
1405 1420 1590 1501 animum
1620 1420 1726 1501 reia·

233 1563 332 1636 xent
360 1554 549 1662 viresque
578 1552 742 1635 reficere
772 1551 912 1633 velint.
974 1549 1139 1633 Gaudia
1168 1580 1287 1652 vero,
1318 1551 1468 1660 quibus
1492 1551 1726 1661 indulgent,

233 1687 315 1768 sint
343 1685 534 1786 innocua,
565 1714 672 1795 quae
700 1713 835 1793 neque
864 1694 1082 1794 peccatum
1111 1683 1326 1765 includant
1355 1699 1489 1792 neque
1524 1684 1725 1792 peccandi

235 1821 495 1901 occasionem
534 1828 577 1900 et
606 1816 799 1928 pericula'
816 1817 1038 1899 adducant
1071 1815 1211 1917 Quum
1231 1817 1343 1899 enim
1363 1818 1550 1898 omnium
1569 1818 1728 1926 turpior

233 1952 285 2033 sit
304 1952 488 2052 servitus,
510 1979 593 2059 qua
612 1952 739 2033 homo
757 1960 928 2067 peccato
949 1949 1084 2049 servit,
1101 1949 1329 2031 secundum
1349 1948 1472 2031 illud:
1509 1947 1616 2050 ,Qui
1629 1948 1729 2031 facit

232 2093 460 2193 peceatum,
482 2110 622 2166 servus
638 2093 699 2165 est
718 2084 928 2191 peccati“:
951 2080 1096 2163 diebus
1109 2078 1204 2163 Dec
1225 2082 1473 2163 consecratis
1488 2081 1636 2190 majori
1649 2080 1727 2163 ad-

152 2290 158 2295 .
232 2216 314 2297 huc
344 2214 570 2325 diligentia,
602 2243 740 2323 -quam
780 2242 908 2323 opera
936 2213 1111 2314 servilia,
1151 2241 1177 2294 a
1206 2212 1398 2295 fidelibus
1428 2213 1600 2295 vitanda
1629 2206 1727 2295 sunt

233 2359 424 2456 peccata,
462 2376 569 2456 quae
598 2375 682 2428 non
713 2346 850 2431 solum
880 2349 1067 2428 animum
1103 2374 1129 2427 a
1159 2346 1393 2450 divinarum
1422 2374 1558 2427 rerum
1588 2344 1725 2428 studio

128 2546 136 2559 ,
232 2492 420 2580 avocant,
452 2480 526 2562 sed
555 2507 632 2561 nos
662 2506 688 2559 a
717 2478 797 2560 Dei
827 2507 968 2561 amore
998 2505 1165 2587 prorsus
1195 2480 1430 2587 sejungunt.
1447 2474 1482 2558 9)

349 2611 578 2693 Hortamur
606 2611 700 2693 ideo
732 2611 972 2718 praesertim
1003 2636 1223 2717 caupones,
1254 2637 1480 2717 eorumque
1509 2609 1725 2691 conscien-

231 2744 310 2824 tias
339 2743 520 2851 graviter
540 2767 770 2841 oneramus,
801 2769 854 2822 ne
883 2742 1014 2849 turpis
1044 2741 1146 2822 lucri
1177 2742 1312 2850 gratia
1340 2753 1538 2850 tempore,
1569 2768 1652 2849 quo
1682 2740 1726 2822 in

231 2875 388 2982 templo
418 2875 538 2981 panis
568 2875 754 2956 caelestis
783 2872 975 2955 fidelibus
1004 2872 1207 2981 frangitur
1242 2884 1283 2955 et
1312 2873 1447 2955 fontes
1484 2874 1642 2982 gratiae
1669 2871 1725 2954 ad

230 3007 360 3087 vitam
375 3017 585 3088 aeternam
605 3005 907 3114 adaperiuntur,
938 3006 1123 3112 hospites
1152 3016 1276 3113 potus
1305 3007 1471 3087 lususve
1497 3032 1623 3088 causa
1652 3003 1725 3087 de-

231 3139 409 3237 tineant,
450 3165 527 3219 nec
566 3138 651 3218 ullo
681 3147 867 3245 tempore
897 3136 1070 3219 domum
1107 3164 1225 3219 suam
1260 3139 1399 3220 locum
1439 3137 1595 3221 diaboli
1634 3156 1724 3219 esse
1810 3198 1816 3209 .

231 3271 481 3377 permittant,
521 3269 593 3352 ubi
632 3269 776 3378 lingua
805 3270 1047 3370 luxuriante,
1087 3270 1180 3352 lusu
1220 3269 1487 3370 exorbitante,
1528 3268 1724 3352 ebrietate

232 3402 299 3483 vel
328 3402 420 3485 aliis
450 3402 560 3483 vitiis
589 3401 732 3484 fideles
761 3412 874 3483 veste
894 3403 1051 3511 gratiae
1067 3401 1347 3509 despolientur
1372 3413 1414 3483 et
1442 3402 1497 3483 ad
1526 3401 1726 3511 abyssum

234 3543 425 3615 aeternae
455 3532 733 3615 damnationis
762 3533 1031 3615 adducantur.

348 3662 502 3748 Coetus
542 3666 723 3774 cujusvis
762 3665 985 3771 christiana
1015 3667 1271 3750 conversatio
1303 3667 1486 3749 maxima
1524 3694 1573 3747 ex
1609 3675 1726 3775 parte

71 3797 74 3804 ’
232 3796 385 3922 pendet
413 3825 440 3878 a
468 3797 654 3905 patribus
683 3797 964 3906 matribusque
994 3798 1182 3881 familias
1243 3797 1336 3881 Hos
1371 3800 1510 3908 itaque
1540 3798 1722 3908 cumpri-

230 3931 311 4011 mis
340 3931 382 4017 in
413 3926 580 4012 Olrristc
611 3928 885 4030 obsecramus,
925 3940 981 4030 ut,
1022 3932 1128 4013 sicut
1156 3932 1236 4040 ipsi
1266 3931 1420 4014 sanctis
1454 3930 1534 4013 Dei
1571 3941 1613 4013 et
1641 3930 1725 4013 Ec-

231 4041 379 4144 clasiae
417 4061 581 4171 legibus
621 4090 719 4170 prae
759 4073 824 4144 cet
824 4063 903 4144 eris
948 4072 1149 4163 tenentur,
1190 4045 1512 4157 domesticorum
1549 4091 1718 4145 suorum

233 4220 374 4276 curam
403 4193 594 4294 habeant,
625 4223 678 4276 ne
708 4196 790 4277 sint
819 4195 1039 4278 deteriores
1069 4195 1315 4279 infidelibus
1366 4196 1617 4278 Provideant
1645 4197 1724 4277 ita·

232 4354 323 4435 que,
364 4356 416 4408 ne
446 4355 616 4409 suorum
654 4328 762 4409 ullus
792 4327 1076 4412 sanctificandi
1117 4329 1226 4411 diem
1266 4328 1439 4411 Domini
1468 4341 1654 4437 tempore
1683 4338 1726 4410 et

233 4460 450 4542 occasione
479 4460 681 4569 privetur:
717 4459 881 4543 illicitos
911 4460 1073 4544 labores
1102 4461 1153 4544 iis
1181 4490 1315 4570 neque
1344 4463 1562 4570 imponant
1590 4487 1726 4570 neque

232 4593 492 4702 permittant:
524 4592 779 4700 septimanae
808 4593 977 4703 negotia
1006 4594 1064 4674 ita
1094 4592 1329 4703 disponant,
1360 4604 1407 4674 ut
1435 4594 1568 4702 pridie
1596 4593 1723 4676 festo-
1774 4648 1783 4657 -

231 4754 323 4808 rum
353 4736 395 4808 et
424 4725 592 4834 quidem
631 4753 682 4806 ex
711 4727 905 4835 antiquae
934 4729 1099 4837 pietatis
1135 4755 1249 4809 more
1279 4727 1492 4837 aliquanto
1523 4726 1643 4810 eitius
1672 4725 1725 4807 fi·

189 4856 195 4863 “
231 4859 406 4959 niantur,
439 4858 607 4966 diesque
637 4861 742 4940 sacri
772 4861 943 4943 omnino
973 4860 1106 4943 feriati
1135 4869 1350 4963 maneant,
1391 4860 1445 4941 ad
1474 4857 1725 4945 audiendam
1761 4943 1766 4950 ,

245 5023 430 5037 ψ

274 5099 300 5182 ⁸)
323 5099 420 5164 Deut.
446 5102 494 5165 16.
519 5101 568 5168 15.
616 5103 643 5185 ’)
665 5100 735 5166 Cat
758 5101 849 5168 Rom.
871 5102 931 5170 loo.
955 5125 1052 5192 supra
1074 5107 1128 5172 cit.
1150 5108 1274 5188 quaest.
1296 5102 1345 5172 21.
