3960 5956
1657 297 1698 363 57

202 494 258 577 Et
287 495 486 605 quonism
516 523 660 581 omnes
699 498 960 610 singulorum
990 498 1262 612 indigentiae,
1312 499 1589 585 dubitationes
1633 499 1701 582 vel

202 627 328 710 etiam
366 629 498 740 sparsi
526 656 691 715 errores
730 661 756 713 a
790 631 1025 740 pastoribus
1064 634 1296 715 animarum
1335 633 1442 720 ultro
1482 633 1576 716 sciri
1614 661 1700 715 non

200 770 412 870 potenmt:
445 790 540 843 cum
559 761 711 846 fiducia
740 766 819 873 ipsi
846 764 998 866 fideles,
1030 766 1064 850 si
1095 767 1195 874 quid
1223 764 1475 849 difficultatis
1504 766 1547 848 in
1567 765 1699 878 ¹rebus

200 892 296 976 fidei
326 904 368 976 et
397 923 560 978 morum
580 895 807 999 habuerint,
838 898 893 980 ad
912 900 1080 982 eosdem
1107 899 1307 982 accedant
1336 909 1378 980 et
1396 900 1555 982 sincera
1584 897 1698 982 dubii

201 1028 455 1140 expositione
494 1029 546 1111 de
586 1029 756 1113 veritate
795 1032 854 1113 rei
897 1042 939 1114 et
976 1033 1120 1142 regula
1159 1033 1415 1143 agendorum
1454 1033 1615 1115 edoceri
1653 1060 1697 1117 se
1749 1108 1752 1113 .

199 1162 410 1281 postulent
437 1164 481 1246 in
509 1164 678 1246 nomine
707 1163 889 1247 Domini.
1426 1154 1429 1159 ⁴
1685 1144 1688 1150 ²

799 1475 991 1562 cneus
1025 1429 1133 1562 vr
1201 1543 1204 1548 .

597 1700 669 1780 De
698 1699 1044 1792 catechizandis
1072 1699 1297 1800 parvulis

316 1930 469 2016 Sancta
483 1933 671 2016 Ecclesia
686 1933 792 2015 sicut
816 1933 967 2015 adultis
982 1934 1218 2042 propiciens
1233 1964 1259 2017 a
1274 1931 1551 2044 praedicando
1566 1931 1694 2015 verbo

198 2065 278 2172 Dei
297 2066 364 2150 vel
383 2066 490 2149 inter
507 2068 711 2168 maximas
730 2095 960 2176 numquam
981 2066 1136 2150 destitit
1154 2068 1379 2176 angustias,
1410 2067 1468 2147 ita
1488 2075 1528 2146 et
1540 2066 1693 2174 juven·

198 2200 277 2289 tuti
322 2198 488 2284 coelesti
526 2199 713 2282 doctrina
751 2199 998 2283 imbuendae
1034 2200 1130 2282 inde
1153 2229 1194 2312 *a
1231 2198 1465 2309 primordiis
1505 2196 1691 2308 angula

200 2359 288 2415 rem
318 2333 489 2415 navavit
519 2360 698 2441 operam.
749 2332 933 2416 Noverat
962 2334 1116 2442 quippe
1145 2333 1247 2428 illud
1283 2331 1476 2416 Siracidis
1497 2330 1687 2412 effatum:

202 2463 321 2565 ,Filii
349 2463 424 2550 tibi
454 2475 561 2561 sunt,
591 2464 706 2546 erudi
725 2465 819 2549 illos
839 2476 880 2548 et
900 2471 1026 2547 curva
1049 2465 1142 2548 illos
1171 2494 1197 2546 a
1216 2465 1437 2573 pueritia;“
1459 2461 1491 2544 1)
1521 2473 1694 2545 noverat

110 2568 170 2701 l
182 2595 704 2729 QlQ.‚SalVathl⁸.
715 2599 911 2711 parvulos
941 2600 1193 2700 advocantis,
1224 2598 1498 2708 amplexantis
1537 2625 1588 2679 ac
1616 2625 1691 2706 pe-

87 2756 91 2761 ·
196 2729 338 2837 culiari
368 2708 663 2840 discipulorum
693 2760 814 2816 curae
839 2731 1013 2815 solemni
1043 2731 1170 2815 verbo
1200 2730 1549 2814 commendantis:
1585 2728 1692 2830 „Qui

194 2861 322 2945 talem
350 2862 570 2972 parridum
598 2866 771 2974 suscipit
799 2866 842 2946 in
871 2866 1039 2948 nomine
1069 2892 1183 2964 mec,
1214 2892 1281 2946 me
1312 2865 1529 2972 suscipit;“
1549 2859 1583 2943 2)
1613 2890 1691 2943 no-
1802 2894 1812 2903 ‘

98 2985 142 3093 λζ
195 3005 329 3097 verat,
360 2990 573 3080 adinstar
602 2997 1484 3117 oeraeQQBEQQQQQ
1514 2995 1691 3077 formam

197 3154 322 3237 quam
367 3130 601 3240 imprimere
644 3129 764 3230 libet,
782 3179 789 3193 ·
807 3130 928 3213 facile
969 3132 1257 3239 suscipientes,
1312 3129 1485 3236 proinde
1539 3138 1696 3210 terram·

100 3356 108 3364 ‚
194 3259 351 3343 bonam
378 3272 420 3343 et
449 3263 650 3373 optimam
680 3265 899 3345 seminanti
927 3262 1101 3345 verbum
1130 3262 1230 3362 Dei,
1272 3271 1314 3342 et
1340 3261 1506 3342 nonnisi
1546 3288 1597 3340 ex
1625 3261 1691 3340 in-

72 3358 137 3493 ὤ·
194 3393 1224 3508 ΜΜ--νΜΩΦῙ-Ὼὲἴὶἓκὲἕὲῑέῐὲἒὲᾓθὲᾞψ
1250 3393 1436 3497 fidelem,
1476 3395 1691 3475 timentem

195 3524 334 3609 Deum
364 3536 406 3611 et
434 3527 716 3611 ambulantem
753 3531 797 3611 in
826 3531 904 3610 viis
934 3531 1032 3639 ejus.
1095 3527 1189 3628 Quo
1218 3523 1355 3609 minus
1384 3525 1539 3608 idcirce
1568 3524 1691 3608 scho-

194 3660 280 3761 lae,
320 3688 426 3771 quae
455 3656 634 3759 historia
664 3689 830 3771 quoque
868 3672 972 3745 teste
1010 3691 1033 3743 e
1073 3661 1166 3743 sinu
1205 3658 1414 3741 Ecclesiae
1452 3657 1692 3775 prodierunt¹

195 3802 237 3875 et
265 3821 315 3876 ea
342 3804 584 3906 protegente
614 3805 655 3876 et
684 3795 1155 3906 dirigenteflcruenmt,
1186 3792 1241 3876 ab
1269 3793 1361 3902 ipsa
1381 3791 1560 3900 separari
1589 3816 1688 3898 pos.

194 3935 293 4009 sunt
321 3935 363 4008 et
391 3928 533 4028 avelli,
573 3938 697 4037 prout
715 3930 912 4037 temporis
941 3926 1090 4035 injuria
1119 3935 1160 4006 et
1189 3925 1342 4007 saeculi
1370 3925 1561 4033 impietas
1590 3950 1688 4032 pas-

194 4057 274 4143 sim
302 4070 531 4162 tentanmt,
571 4072 613 4172 et
647 4089 731 4171 quo
765 4063 900 4173 magis
940 4060 1125 4142 Ecclesia
1165 4057 1289 4140 officii
1328 4068 1369 4138 et
1396 4058 1502 4166 juris
1541 4085 1567 4138 a
1595 4055 1688 4137 Deo

195 4195 354 4302 accepti
384 4192 462 4276 sibi
498 4197 665 4278 conscia
703 4194 866 4278 scholas
900 4217 1054 4292 omnes,
1084 4192 1127 4272 in
1158 4189 1307 4299 quibus
1337 4189 1540 4271 catholica
1569 4189 1712 4271 insti*-

193 4327 321 4409 tuitur
348 4338 390 4410 et
417 4328 615 4411 educatur
643 4327 827 4428 soboles,
867 4355 966 4410 suae
996 4325 1209 4408 directioni
1245 4333 1286 4405 et
1314 4323 1558 4432 inspectioni
1587 4318 1687 4403 sub·

186 4459 321 4568 jactas
351 4488 439 4543 esse
467 4459 700 4570 profitetur:
732 4488 781 4542 eo
810 4461 1010 4570 majorem
1039 4458 1142 4541 haec
1173 4455 1365 4566 Synodus
1395 4457 1436 4536 in
1465 4453 1687 4536 erudienda

185 4593 404 4700 juventute
434 4592 512 4676 sibi
543 4595 763 4678 commissa
792 4605 912 4706 urget
941 4579 1257 4676 sollicitudinem
1288 4599 1329 4671 et
1357 4589 1576 4671 solertiam.

310 4741 369 4870 *ln
410 4744 555 4853 primis
605 4770 704 4855 ergo
758 4744 812 4826 ad
834 4741 1049 4832 tradenda
1087 4740 1182 4823 fidei
1226 4740 1458 4822 rudimenta
1500 4745 1686 4846 pastores

194 4875 424 4958 animarum
453 4876 596 4959 sedulo
626 4875 869 4964 incumbant
889 4886 992 4988 ,tum
1030 4877 1074 4957 in
1104 4873 1256 4957 scholis
1291 4882 1380 4987 tum
1418 4872 1461 4951 in
1491 4869 1684 4952 ecclesiis.

241 5134 264 5226 Ι)
285 5133 347 5202 sa.
370 5138 399 5203 τ,
421 5137 471 5202 25.
516 5133 543 5223 ²)
568 5135 684 5202 nass.
707 5136 756 5201 rs
776 5135 807 5204 c.
874 5132 909 5193 a
1384 5229 1404 5296 8
