3960 5956
284 319 379 385 XLII

282 520 483 600 auctoritate,
513 490 566 580 cui
586 515 738 580 videlicet
760 518 865 581 omnia
886 517 920 613 in
940 515 1004 581 hae
1025 516 1156 602 Synodo
1185 525 1258 582 aeta
1279 525 1313 581 et
1334 516 1465 581 decreta
1486 537 1542 600 ea,
1572 539 1635 602 qua
1664 517 1770 601 decet,

281 627 463 690 reverentia
486 622 674 708 subjicimus
695 624 946 710 interpretenda,
969 624 1182 707 emendanda,
1208 632 1241 689 et
1261 631 1356 711 prout
1377 626 1411 689 in
1433 625 1571 691 Domino
1594 624 1776 690 consultum
1819 709 1822 713 ¹

190 796 191 801 ,
282 730 456 815 videbitur,
486 729 716 797 confirmanda.

380 865 500 929 Datum
521 864 647 947 Pragae
669 864 763 928 Dom.
786 864 894 929 XVII.
915 873 988 951 post
1008 865 1222 930 Pentecosten
1243 864 1293 928 23.
1315 862 1514 948 Septembris
1537 862 1628 928 1860.
1693 883 1696 888 “
1735 890 1748 957 Ιο

452 1180 489 1278 3)
515 1179 720 1264 Sermones
746 1179 959 1282 synodales
985 1119 1296 1295 Eminentissimi
1322 1177 1613 1280 Metropolitae.

592 1458 625 1541 1)
645 1461 816 1524 Allocudo
836 1461 874 1523 ln
893 1462 1006 1538 prima
1026 1462 1292 1553 congregatione
1313 1462 1470 1538 generali.

379 1664 533 1729 Feliciter
558 1684 636 1728 sane
664 1661 744 1726 Mihi
773 1662 940 1749 thisque
973 1664 1135 1748 omnibus,
1167 1667 1289 1728 Patres
1320 1666 1608 1738 Meandaraei,
1649 1645 1774 1748 Vosque

284 1775 403 1837 caeteri
422 1773 566 1837 descres—
583 1793 621 1834 ac
636 1772 704 1855 filis·
725 1773 851 1836 dilecti!
870 1771 1026 1837 hodierna
1046 1771 1154 1836 illuxit
1174 1772 1255 1838 dies.
1277 1771 1374 1853 Quod
1394 1774 1482 1836 enim
1504 1771 1656 1837 diuturna
1682 1780 1773 1836 ante·

281 1889 425 1945 aetorum
452 1888 630 1965 temporum
662 1879 779 1963 injuria
811 1900 868 1963 pro
897 1881 1058 1943 communi
1084 1888 1217 1944 sanctae
1252 1879 1430 1943 catholicae
1458 1877 1624 1963 religionis
1638 1880 1686 1941 in
1715 1879 1775 1942 hoc

279 1998 395 2053 nostra
422 1989 592 2070 proeium
613 1987 828 2050 eeckmoetico
848 1987 1091 2052 conservandae
1113 1995 1146 2051 et
1167 1986 1338 2072 augendae
1359 1986 1444 2052 bono
1466 2008 1509 2051 ex
1530 1995 1605 2053 voto
1632 1987 1774 2050 omnium

277 2103 423 2161 nostrum
451 2095 618 2181 hucusque
645 2093 687 2158 ad
713 2101 858 2178 optatum
885 2092 982 2158 finem
1008 2095 1143 2180 perduci
1169 2095 1299 2159 minime
1326 2097 1443 2180 potuit:
1470 2095 1504 2159 id
1530 2097 1641 2181 utique
1664 2094 1773 2160 divino

278 2205 443 2290 aspirante
464 2200 603 2265 Numine
625 2202 718 2264 hodie
739 2200 854 2265 faustis
875 2200 1020 2266 inchoari
1042 2204 1195 2288 auspiciis
1222 2201 1315 2266 laetis
1342 2201 1490 2267 videmus
1516 2201 1632 2285 coadis3
1660 2201 1771 2267 subin·

279 2311 384 2396 deque
410 2310 463 2395 pie
490 2310 524 2372 in
549 2308 688 2372 Domino
714 2305 898 2371 exultantes
925 2306 1044 2373 bonam
1069 2311 1104 2371 in
1130 2330 1221 2392 spem
1247 2309 1401 2392 erigimur
1426 2310 1505 2393 fore,
1527 2317 1563 2374 ut
1583 2310 1772 2375 Conventus

277 2420 331 2484 hic
356 2428 465 2484 noster
490 2419 667 2482 eommunis
694 2414 892 2480 orthodoxae
917 2413 995 2479 fidei
1016 2415 1264 2501 promovendae,
1286 2439 1347 2482 nec
1368 2441 1433 2484 non
1455 2417 1644 2503 disciplinae
1667 2416 1770 2482 eccle·

278 2529 428 2592 siastieae
453 2524 656 2591 revocandae
683 2521 843 2607 proficiat,
865 2530 959 2607 prout
980 2521 1169 2587 ardentibus
1191 2524 1275 2587 votis
1308 2522 1464 2590 hactenus
1486 2525 1589 2590 Vobis
1622 2524 1772 2590 omnibus

277 2655 352 2699 eum
367 2636 438 2718 jam
460 2632 586 2719 pridem
607 2636 785 2718 expetitum
807 2633 917 2714 baisse,
938 2655 1003 2697 non
1025 2622 1220 2718 ignoramus.

306 2848 309 2861 .
377 2793 584 2877 Quapropter
608 2793 737 2855 intimas
758 2791 828 2874 jam
856 2790 927 2854 Deo
954 2790 1083 2874 Optimo
1110 2790 1252 2855 Maximo
1278 2794 1400 2877 gratias
1428 2813 1505 2877 ago,
1532 2793 1587 2877 qui
1624 2814 1683 2856 nos
1717 2792 1772 2856 hic

277 2899 453 2965 incolumes
476 2903 686 2984 congregavit
707 2891 856 2986 diemque
879 2901 975 2963 istum
996 2899 1216 2982 laetissimum,
1240 2921 1336 2986 quem
1350 2902 1444 2964 malti
1466 2903 1637 2986 cupierunt
1650 2901 1772 2983 videre,

277 3008 656 3071 noneolamoiverrdum
678 3004 855 3071 sedetiam
881 3006 1113 3098 solmunissime
1139 3008 1362 3072 redamandum
1388 3006 1515 3073 infinita
1541 3030 1600 3073 sua
1627 3008 1772 3074 bonitate

277 3113 435 3179 concedit.

380 3247 409 3307 Ο
428 3245 516 3328 felir
541 3246 678 3327 Propo!
701 3248 754 3310 cui
780 3245 832 3310 vel
859 3244 893 3308 id
921 3243 1109 3308 calamitosa
1134 3242 1196 3309 hac
1222 3253 1414 3330 tempestate
1447 3245 1553 3311 solatii
1582 3243 1707 3330 obtigit,
1734 3253 1771 3310 ut

277 3361 350 3436 post
379 3351 535 3416 ducentos
565 3352 799 3437 quinquaginta
828 3352 969 3437 quinque
999 3371 1100 3415 annos
1128 3353 1244 3416 iterum
1266 3355 1396 3436 primus
1423 3356 1485 3418 iste
1516 3354 1769 3437 ouprmtissimus

278 3458 392 3523 Coetus
414 3459 646 3522 ecclesiasticus
666 3459 700 3522 in
723 3460 795 3522 sinu
816 3466 871 3522 tuo
893 3458 1053 3522 fortunate
1075 3467 1252 3544 sancteque
1273 3459 1456 3526 inchoetur!

373 3589 487 3655 Fatis!
512 3588 555 3654 ad
582 3610 679 3675 quarn
705 3592 875 3653 unam'tot
902 3588 1016 3652 Patres
1037 3576 1320 3672 Reverendissimi,
1342 3599 1389 3655 tot
1410 3591 1599 3678 amplissimi
1629 3593 1702 3674 viri,
1724 3599 1771 3657 tot

277 3696 510 3783 religiosissimi
525 3696 673 3763 Abbates
689 3706 722 3762 et
735 3695 999 3762 monasteriorum
1014 3695 1203 3780 Praepositi,
1225 3705 1272 3761 tot
1293 3701 1418 3782 egregii
1437 3700 1622 3765 sacerdotes
1643 3720 1686 3762 ex
1700 3700 1770 3761 uni·

276 3828 370 3872 verso
397 3805 518 3890 inclyto
544 3826 644 3888 regno
671 3803 845 3869 Bohemiae
872 3826 1067 3887 convenere,
1094 3814 1131 3869 ut
1156 3807 1249 3890 quasi
1267 3806 1309 3869 in
1343 3807 1476 3892 specula
1506 3807 1695 3891 congregati
1729 3804 1770 3869 de

275 3936 377 4000 regno
403 3913 524 3979 Christi
550 3914 584 3976 in
610 3911 761 3976 adamata
787 3913 891 3997 patria
927 3921 1038 3976 nostra
1068 3913 1277 3977 instaurando
1303 3936 1343 3980 ac
1374 3913 1606 3998 promovendo,
1633 3912 1770 3998 probate

278 4044 338 4086 sua
358 4023 471 4086 uniant
492 4019 635 4085 consilia.

375 4156 502 4220 Sulcato
529 4175 603 4237 erpo
629 4151 901 4217 Reverendissimi
923 4151 1050 4216 Patres!
1087 4153 1255 4216 etiterum
1278 4151 1364 4218 dico:
1400 4153 1550 4217 Satvets!
1591 4150 1657 4216 Vos
1679 4154 1766 4216 enim

277 4262 403 4328 ardenti
426 4261 540 4327 domus
562 4260 625 4324 Dei
647 4258 715 4324 aelo
737 4258 887 4342 imbutos,
910 4281 974 4323 non
1002 4266 1103 4340 aetas,
1129 4281 1194 4324 non
1220 4257 1321 4341 labor,
1348 4282 1412 4325 non
1437 4258 1599 4343 valetudo,
1628 4280 1693 4324 non
1720 4261 1771 4323 iti·

279 4375 367 4438 neris
388 4372 553 4438 molestiae
581 4367 797 4452 retardarunt,
826 4370 996 4456 quominus
1025 4367 1068 4432 ad
1100 4367 1184 4433 hanc
1205 4367 1372 4453 Synodum
1398 4370 1461 4450 pio
1485 4367 1657 4432 maeatae
1679 4367 1769 4432 festi·

276 4483 441 4563 naveritis,
477 4480 530 4544 eui
571 4485 659 4543 certe
688 4483 835 4562 spectata
870 4476 989 4541 Vestra
1021 4477 1206 4560 praesentia
1237 4484 1270 4549 et
1298 4477 1467 4559 pracsidio
1499 4476 1599 4540 futrui
1633 4477 1711 4540 estis
1744 4497 1762 4538 e

210 4634 213 4645 ·
279 4592 484 4653 momento!
1294 4576 1299 4594 “

378 4719 504 4783 Saloete
518 4726 548 4780 et
570 4717 644 4800 Vos,
658 4714 790 4780 Fratres
806 4736 846 4779 ac
860 4714 935 4778 Filii
957 4714 1129 4778 carissimi!
1151 4732 1229 4777 sane
1244 4734 1414 4780 numeroso
1431 4724 1601 4796 conventu,
1623 4736 1687 4800 quo
1706 4715 1770 4779 Ve-

278 4834 379 4891 stram
393 4845 472 4910 erga
486 4823 554 4888 Nos
569 4822 808 4887 observantiam
822 4821 995 4900 testamini,
1015 4841 1167 4904 mappam
1181 4819 1271 4886 cordi
1288 4819 1405 4888 Nostro
1420 4824 1618 4888 dulcedinem
1632 4823 1771 4907 parastis

279 4942 313 4999 et
327 4932 591 4998 remeationem!
601 4951 675 4994 cum
690 4928 733 4993 ad
746 4931 884 5014 primum
903 4927 1055 5010 edictum,
1074 4949 1116 4992 ne
1132 4926 1237 4991 dicam
1252 4926 1294 4991 ad
1308 4937 1423 4992 aetam
1437 4929 1589 4994 Nostrum
1603 4929 1716 4994 faciles
1731 4950 1771 4994 ac

278 5047 419 5127 promtos
438 5045 564 5104 vosmet
582 5035 791 5119 exhibuistis,
811 5040 844 5098 et
862 5033 983 5099 relictis
1003 5033 1089 5098 domi
1105 5036 1206 5099 saeris
1220 5056 1324 5121 aeque
1338 5058 1378 5101 ac
1392 5037 1536 5122 profanis
1557 5038 1705 5122 negotiis,
1727 5037 1771 5101 sd

279 5147 365 5214 bane
383 5148 496 5213 Sedens
515 5145 796 5227 necopolitanam
813 5141 1000 5224 advolastis,
1019 5142 1137 5208 Vestra
1151 5161 1226 5204 cum
1242 5141 1375 5206 Nostris
1383 5142 1530 5226 juncturi
1547 5144 1690 5230 consilia,
1704 5166 1770 5212 om·
