3960 5956
312 312 353 374 88

312 514 451 595 sertim
480 540 530 592 ex
559 511 625 592 his
654 525 695 593 et
724 514 892 620 proprio
923 512 1120 621 pastorali
1146 517 1364 596 conamine
1393 514 1548 595 finctus
1578 526 1802 623 sperantes.

312 643 475 726 Fideles
505 654 774 752 praeceptum
813 646 993 754 graviter
1021 644 1224 726 violantes
1260 655 1432 755 paterna
1460 647 1689 728 monitione
1718 649 1805 756 pri-

312 804 429 858 mum
449 786 491 859 et
510 776 697 859 adhibita
717 779 830 858 omni
853 777 1013 860 cautela
1033 779 1258 888 corrigant3
1289 778 1521 860 obstinaces
1546 800 1656 879 vero,
1685 806 1806 887 prae·

178 903 182 914 ’
313 910 433 1017 cipue
478 909 513 990 si
552 907 766 1015 publicum
806 910 1047 991 scandalum
1083 910 1280 1011 dederint,
1320 937 1460 992 severe
1501 911 1726 1019 corripiant
1764 923 1807 994 et

313 1043 392 1122 nisi
422 1041 675 1148 resipuerint,
706 1041 761 1123 ad
791 1070 867 1123 nos
897 1029 1093 1124 deferant.
1145 1042 1326 1124 Avitum.
1346 1043 1511 1152 pietatis
1541 1070 1699 1125 morem
1728 1071 1804 1152 per

315 1173 515 1282 plurimos
543 1175 780 1280 provinciae
810 1184 951 1256 coetus
981 1175 1202 1283 vigentem,
1233 1202 1316 1283 quo
1347 1173 1460 1263 ducti
1489 1171 1630 1255 fideles
1660 1172 1806 1256 diebus

316 1305 528 1415 quondam
558 1305 611 1387 de
640 1317 860 1415 praecepto
890 1306 1046 1390 festivis
1075 1307 1129 1388 ad
1150 1307 1402 1389 audiendum
1433 1303 1604 1387 Sacrum
1631 1333 1806 1387 concur-

315 1466 403 1520 rere
431 1436 585 1538 solent,
629 1440 861 1520 animarum
890 1450 1076 1548 pastores
1111 1438 1255 1520 sedulo
1285 1410 1526 1520 conservare
1566 1447 1607 1518 et
1635 1464 1805 1544 promo·

273 1590 282 1607 ‘
315 1596 410 1652 vere
440 1570 651 1669 studeant,
682 1572 939 1679 invitentque
970 1571 1256 1679 parochianos,
1287 1580 1333 1652 ut
1362 1597 1490 1678 quum
1519 1567 1633 1649 hisce
1662 1567 1808 1652 diebus

261 1708 263 1712 ‘
316 1728 471 1810 magno
502 1702 805 1809 poenitentium
828 1729 1031 1783 concursu
1060 1703 1131 1784 vix
1161 1702 1429 1813 detineantur,
1466 1709 1701 1809 opportrma
1729 1694 1809 1784 hac

317 1834 534 1915 occasione
562 1833 775 1930 salutifera
804 1831 1072 1916 Sacramenta
1100 1835 1337 1943 suscipiant.

924 2127 1116 2212 CAPUT
1147 2130 1196 2212 V.
1248 2141 1252 2148 ·

783 2351 854 2430 Dc
884 2349 1025 2432 Cultu
1054 2349 1345 2433 Sanctorum.
1450 2297 1454 2305 Ι

435 2558 572 2640 Deum
601 2558 803 2641 adorandi
831 2557 968 2644 officio
989 2559 1175 2643 obstricti
1192 2557 1370 2654 ,Sanctus
1390 2561 1478 2668 ejus
1498 2587 1664 2670 quoque
1683 2585 1810 2640 vene-

318 2718 454 2772 remur
484 2702 656 2798 oportet.
691 2686 789 2771 Non
819 2691 930 2771 enim
961 2701 1022 2772 est
1052 2689 1297 2773 Sanctorum
1328 2692 1537 2773 veneratio
1567 2692 1647 2772 nisi
1677 2690 1811 2771 cultus

320 2821 399 2903 Dei
429 2822 644 2920 mediatus,
685 2823 839 2930 quippe
880 2824 996 2931 cujus
1035 2823 1229 2931 majestas
1269 2831 1310 2903 et
1345 2822 1613 2933 benignitatis
1653 2821 1811 2903 domim

243 3004 247 3009 ·
319 2954 489 3035 mirifice
528 2955 570 3034 in
611 2955 660 3035 iis
690 2954 933 3062 resplendet,
967 2955 1122 3062 ⁴cuique
1157 2955 1306 3036 servire
1336 2951 1583 3036 Sanctorum
1612 2952 1811 3062 exemplis

320 3084 526 3169 efficacius
566 3086 784 3196 adigimur,
827 3098 868 3169 et
907 3087 1197 3174 intercessione
1228 3088 1436 3195 juvamur.
1497 3085 1596 3167 ldeo
1636 3084 1812 3193 Spiritus

321 3228 486 3300 sanctus
516 3218 638 3318 idem,
669 3220 740 3326 qui
771 3221 849 3301 ait:
893 3217 1005 3318 ,Soli
1036 3218 1127 3300 Deo
1158 3219 1291 3300 honor
1321 3227 1362 3298 et
1390 3216 1547 3326 gloria“
1580 3216 1810 3327 praecepit:

325 3349 536 3448 „Laudate
567 3349 798 3432 Dominum
829 3352 871 3430 in
903 3349 1066 3433 Sanctis
1097 3353 1222 3459 ejus.“
1244 3346 1277 3429 1)

442 3554 476 3628 1.
509 3548 619 3631 Inter
638 3550 782 3631 beatos
813 3547 991 3631 Caelites
1020 3576 1104 3630 una
1133 3576 1255 3656 super
1286 3576 1429 3630 omnes
1460 3549 1614 3629 eminet
1638 3526 1830 3628 sanctis-¹

322 3681 427 3762 sima
456 3679 586 3791 Virgo
617 3676 697 3763 Dei
726 3680 859 3764 Mater
888 3681 1030 3780 Maria,
1061 3708 1186 3789 quam
1223 3678 1461 3762 caelestium
1494 3678 1681 3760 omnium
1711 3675 1813 3758 cha-

322 3815 537 3895 rismatum
567 3815 689 3921 copia
708 3813 877 3896 mirifice
898 3794 1149 3896 oumrdatain
1179 3822 1221 3894 et
1254 3814 1321 3913 „in
1351 3813 1485 3920 primo
1511 3810 1681 3893 irrstanti
1710 3835 1811 3917 suae

323 3943 619 4053 Conceptionis
659 3946 858 4055 singulari
889 3946 1190 4054 omnipotentis·
1223 3944 1303 4026 Dei
1340 3943 1474 4053 gratia
1512 3952 1555 4024 et
1582 3940 1812 4051 privilegio,

216 4167 220 4175 ,
323 4078 475 4160 intuitu
514 4078 754 4158 meritorum
800 4075 953 4160 Christi
1002 4077 1116 4178 desu,
1163 4075 1387 4160 Salvatoris
1429 4074 1601 4159 humani
1640 4071 1814 4183 generis,
1875 4112 1880 4121 ·

323 4210 377 4294 ab
408 4209 523 4291 omni
554 4209 766 4319 originalis
796 4208 943 4317 culpae
971 4208 1065 4292 labe
1094 4218 1397 4318 praeservatam
1431 4207 1700 4303 immunem“,
1728 4203 1815 4286 lae-

324 4340 498 4423 tabundi
529 4339 778 4449 profitemur.
823 4340 957 4442 ,Tota
986 4341 1157 4449 pulchra
1184 4352 1226 4423 et
1254 4339 1529 4436 immaculata,
1560 4325 1815 4422 venenosum

326 4466 595 4555 crudelissimi
616 4474 815 4580 serpentis
836 4484 961 4582 caput
983 4475 1178 4556 contrivit
1196 4483 1238 4556 et
1257 4473 1432 4555 salutem
1461 4468 1602 4552 attulit
1615 4466 1811 4563 mundo,“

325 4614 365 4685 et
384 4605 449 4686 vel
472 4604 566 4686 ideo
587 4604 879 4712 plaudentibus
909 4606 1075 4715 populis
1105 4605 1304 4688 salutatur
1337 4601 1662 4711 ,Prophetarum
1696 4597 1816 4708 Apo·

325 4737 607 4844 stolorumque
626 4738 904 4845 praeconium,
926 4751 967 4819 et
986 4739 1119 4820 honor
1134 4739 1375 4844 Martyrum,
1393 4735 1663 4840 omniumque
1683 4728 1814 4812 Sano-

324 4880 460 4952 torum
494 4867 648 4948 laetitia
677 4879 718 4950 et
756 4898 919 4967 corona,
949 4871 1199 4998 tutissimum
1229 4878 1472 4949 cunctorum
1494 4861 1814 4973 periclitantium

328 5037 504 5047 ———--

373 5109 960 5197 suffitu-amr
