3960 5956
280 298 355 369 LVI

377 501 546 566 Monemus
567 503 601 563 in
622 496 760 563 Domino
783 493 1003 562 venerabilem
1025 493 1163 581 clerum,
1182 497 1402 586 obsecramus
1425 500 1608 566 sacerdotes
1630 500 1772 586 Domini,
1857 558 1859 562 Α
1917 513 1919 517 ’

279 619 313 673 ut
335 618 497 695 tamquam
518 607 645 694 providi
672 613 897 692 cooperatores
925 605 1117 691 episcopalis
1139 603 1271 670 Ordinis
1297 609 1398 670 nostri
1425 600 1612 672 Antistitum
1644 632 1773 675 suorum

165 755 172 767 x
278 718 459 802 depositum
480 717 533 800 pie
554 713 745 794 custodiant,
768 721 800 775 et
813 711 1001 776 fidelissima
1016 710 1227 777 Decretorum
1242 713 1445 799 synodalium
1459 714 1665 780 observantia
1679 738 1772 803 prae·
1793 735 1797 740 ·

276 825 421 890 lucentes
443 832 510 886 tum
531 816 679 908 propriae
701 818 962 884 sanctificationis
983 827 1199 903 augmentum,
1221 815 1288 885 tum
1306 820 1541 887 reflorescentis
1570 825 1640 906 agri
1663 821 1772 887 Domi-

277 935 342 996 nioi
365 931 505 995 solamen
527 952 566 994 ao
587 931 735 993 meritum
757 929 923 1014 acquirere
946 929 1156 997 connitantu.

376 1062 621 1127 Commonemus
643 1061 773 1124 tandem
794 1069 826 1123 et
848 1058 1045 1124 obtestamur
1060 1058 1284 1125 dilectissimos
1297 1058 1533 1136 christifideles
1554 1085 1613 1149 per
1634 1064 1770 1127 charita·

277 1181 341 1236 tem
362 1171 435 1253 Dei,
458 1179 494 1233 ut
514 1169 601 1256 quod
623 1168 744 1252 Synodi
767 1168 880 1232 Patres
901 1167 1057 1253 gregibus
1079 1166 1141 1232 sibi
1164 1171 1343 1233 commissis
1365 1181 1542 1268 suggerunt
1561 1172 1603 1235 ad
1625 1170 1771 1254 salutem,
1821 1237 1824 1242 .

277 1281 360 1362 grati
384 1277 569 1362 docilesque
591 1278 753 1362 accipiant
773 1297 838 1340 non
859 1284 895 1339 ut
915 1275 1052 1340 verbum
1073 1277 1252 1361 hominum,
1275 1276 1334 1342 sed
1356 1279 1438 1343 sicut
1458 1280 1675 1343 ministrorum
1697 1279 1772 1344 Dei.

374 1408 465 1488 Quae
483 1409 605 1473 'omnia
636 1417 671 1472 ut
702 1430 745 1471 ex
777 1410 937 1473 communi
968 1417 1043 1472 voto
1065 1407 1168 1472 fauste
1190 1411 1354 1473 eveniant:
1388 1413 1459 1495 pias
1484 1413 1580 1475 totius
1601 1410 1769 1476 Ecclesiae

277 1518 413 1581 Nostrae
436 1538 550 1601 preces
572 1517 764 1601 requirimus
785 1514 827 1579 ad
848 1514 1091 1599 efflagitandum
1125 1515 1270 1580 divinum
1301 1516 1504 1603 adjutorium,
1532 1521 1626 1603 cujus
1657 1517 1771 1582 firmis*

277 1628 392 1688 simum
418 1626 535 1709 pignus
563 1623 719 1687 habemus
752 1622 1009 1687 benedictionem
1036 1622 1272 1709 Apostolioam,
1306 1607 1402 1710 quam
1424 1624 1653 1692 Sanctissimus
1675 1626 1772 1690 Pater

277 1756 315 1797 ae
337 1732 496 1797 Dominus
516 1732 633 1795 Noster
666 1730 744 1795 Pius
777 1730 867 1814 Papa
887 1730 947 1793 IX.
970 1732 1210 1814 gratiosissimis
1232 1731 1347 1794 Literis
1380 1731 1433 1795 die
1467 1732 1494 1796 7.
1517 1733 1658 1816 Augusti
1692 1730 1794 1798 1862'

265 1842 379 1905 ⁴Nobis
402 1843 490 1926 ipsis,
512 1839 802 1903 Reverendissimis
832 1827 999 1902 Fratribus
1027 1837 1197 1924 Episcopis
1225 1841 1412 1925 cunctisque
1439 1837 1573 1904 Clericis
1601 1841 1771 1925 Laicisque

276 1948 427 2012 fidelibus
449 1947 687 2012 ecclesiasticae
709 1954 835 2010 nostrae
857 1947 1042 2030 provinciae
1064 1955 1267 2030 peramanter
1287 1949 1443 2032 impertiri
1465 1947 1616 2032 dignatus
1637 1957 1696 2012 est.

377 2131 498 2195 Datum
510 2131 635 2215 Pragae
652 2129 778 2194 infesto
800 2129 849 2194 ss.
872 2127 984 2213 Cyrilli
1006 2128 1206 2195 etMethodii
1228 2127 1291 2193 CC.
1313 2127 1642 2194 PP.etPatronorum
1664 2128 1768 2195 Bobe-

279 2243 370 2322 miae,
394 2261 477 2325 quae
499 2247 549 2302 est
571 2238 640 2302 dies
662 2238 885 2320 nona'Martii,
908 2239 983 2301 anni
1005 2260 1025 2300 a
1051 2237 1229 2302 Nativitate
1251 2237 1382 2301 Domini
1410 2238 1510 2303 nostri
1536 2236 1617 2301 Jesu
1650 2237 1771 2301 Christi
1843 2243 1846 2248 ’

277 2347 438 2411 millesimi
463 2348 722 2434 octingentesimi
744 2346 940 2431 sexagesimi
961 2346 1057 2409 tertii.

1029 2642 1204 2723 lutericus
1238 2642 1409 2753 berlindis
1442 2641 1719 2745 totuorsonterg,

1042 2772 1278 2829 archiepiscopus
1296 2771 1441 2829 Praaensls
1460 2771 1488 2818 et
1503 2769 1689 2830 meuopouta
