3960 5956
282 365 391 435 XLVI

384 547 455 632 Hoc
484 566 693 632 vehementer
719 574 853 653 exoptat
890 570 1109 635 Beatissimae
1144 572 1257 646 Pater,
1294 572 1387 656 cujus
1423 573 1568 658 piissima
1608 592 1688 659 erga
1722 595 1782 640 nos
1895 590 1898 594 ⁴

286 695 391 758 sensa,
413 673 566 738 hesterna
588 674 640 738 die
662 694 726 738 non
741 675 810 737 sine
825 677 1036 739 commotione
1051 678 1167 740 mentis
1189 678 1394 762 excepimus,
1417 681 1472 765 qui
1498 687 1653 766 tanquam
1666 684 1783 747 Aaron

288 790 396 846 nostor
417 802 532 846 manus
553 780 597 846 ad
619 782 743 847 coelum
766 805 823 868 pro
844 781 939 885 nobis
960 783 1056 866 levat,
1078 792 1114 849 ut
1134 783 1241 869 Ipsius
1256 783 1481 851 benedictione
1496 793 1650 872 armabas,
1672 790 1782 854 vincat

288 888 391 954 lsrael
412 890 536 954 noster!

385 1030 457 1095 Hoc
480 1031 619 1137 denique
641 1032 767 1117 flagitat
789 1030 937 1096 canatis
958 1032 1065 1111 Iessos,
1087 1041 1123 1097 ut
1144 1040 1269 1098 constet
1290 1033 1353 1099 sibi
1374 1036 1456 1100 ratio
1471 1034 1570 1101 officii
1583 1009 1685 1100 nostri
1700 1056 1781 1120 erga

286 1160 373 1218 oves,
404 1160 485 1225 quas
514 1142 618 1226 pretio
639 1138 814 1223 Sanguinis
840 1139 907 1202 suis
936 1138 1137 1225 redemptas,
1166 1147 1295 1204 nostrae
1316 1138 1394 1205 lidei
1414 1138 1670 1226 prudentiaeque
1693 1161 1778 1205 com·

285 1245 451 1309 mendavit
471 1254 505 1310 et
526 1245 743 1326 concredidit,
765 1244 859 1328 cujus
880 1247 986 1329 gratia
1007 1245 1249 1329 contendamus,
1271 1254 1307 1310 ut
1327 1246 1481 1334 poprdum
1509 1245 1603 1312 nobis
1632 1249 1778 1312 commis

285 1374 356 1417 sum
377 1374 562 1439 purgemus,
584 1353 780 1447 illustremus
795 1360 828 1417 et
848 1352 1063 1437 perficiamus,
1086 1360 1184 1438 atque
1199 1353 1331 1418 tandem
1346 1354 1380 1419 in
1399 1353 1552 1420 coelestia
1567 1353 1779 1421 tabernacula

286 1459 544 1526 introducamus!
566 1462 681 1528 Amen.

644 1743 683 1827 3)
705 1746 877 1808 allocutio
898 1747 935 1808 in
955 1747 1079 1810 muna
1099 1747 1255 1810 Mons
1274 1748 1423 1852 publica

818 1925 1094 1989 Reverendissimi
1113 1926 1256 1990 Patres!

856 2106 939 2170 Filii
961 2107 1183 2171 dilectissimi!

381 2287 490 2353 Sacris
512 2266 648 2352 Consilii
668 2289 769 2352 nostri
790 2287 957 2353 laboribus
978 2290 1159 2353 coronidem
1180 2290 1368 2374 imposituri,
1390 2290 1507 2354 ultima
1528 2292 1591 2354 vice
1614 2291 1697 2378 bars
1725 2311 1777 2357 ec·

283 2393 414 2460 alesiam
441 2396 580 2480 ingressi
607 2417 735 2479 sumus,
762 2405 798 2460 ut
825 2398 1013 2481 priusquam
1041 2396 1074 2458 in
1104 2395 1213 2460 osculo
1235 2397 1326 2481 pacis
1348 2394 1391 2460 ab
1413 2397 1552 2462 invicem
1574 2395 1777 2482 divellamur,

281 2505 492 2586 respiciamus
514 2503 559 2566 cd
579 2504 802 2584 praeteritam,
826 2511 856 2566 et
873 2502 1113 2584 prospiciamus
1135 2503 1180 2565 aol
1194 2505 1360 2585 satarum.

385 2669 413 2732 1,
437 2670 553 2748 Quoad
566 2670 782 2752 prostratam
798 2666 942 2731 exaltare
958 2673 1082 2752 oportet
1097 2686 1193 2731 voces
1207 2674 1345 2750 nostras,
1361 2675 1393 2730 et
1403 2665 1565 2751 jubilante
1580 2627 1686 2734 animo
1700 2690 1776 2752 pra·

283 2782 349 2844 tias
374 2800 468 2863 apere
496 2777 639 2841 Domino
671 2778 744 2841 Deo
772 2785 892 2851 nostro,
923 2778 977 2861 qui
1011 2775 1096 2839 hanc
1125 2778 1269 2858 parsum
1295 2773 1417 2860 Synodi
1445 2778 1606 2842 actionem
1626 2779 1779 2842 inchoare

281 2886 427 2969 feliciter,
450 2893 483 2951 et
504 2885 686 2951 admirabili
708 2909 767 2975 sua
786 2886 990 2973 providentia
1012 2888 1188 2951 terminare
1210 2887 1378 2951 concessit

379 3018 587 3104 Magnificate
608 3021 716 3106 igitur,
738 3020 852 3083 Patres
874 3018 1166 3084 Reverendissimi!
1195 3018 1402 3104 magnificate
1431 3019 1606 3083 Dominum
1633 3040 1777 3103 mecum;

154 3165 156 3171 .
280 3146 358 3190 vere
387 3129 472 3191 enim
498 3129 532 3190 in
561 3125 691 3213 Synodo
719 3126 781 3191 hac
809 3126 886 3190 fecit
913 3124 1007 3190 nobis
1036 3146 1168 3211 magna,
1195 3128 1251 3211 qui
1272 3133 1385 3210 potens
1408 3133 1458 3189 est
1479 3133 1513 3189 et
1533 3146 1651 3190 nomen
1678 3147 1774 3192 sanc·

282 3241 350 3297 tum
371 3232 462 3317 Ejus.

381 3364 445 3428 Dei
467 3364 587 3430 auxilio
608 3368 798 3430 terminatae
825 3373 899 3430 sunt
925 3364 1098 3450 synodales
1131 3364 1380 3429 consultationes
1414 3373 1560 3448 nostrae,
1596 3374 1671 3431 aeta
1704 3374 1779 3432 sunt

283 3473 389 3537 omnia
410 3494 444 3538 so
465 3475 591 3548 decom
613 3491 717 3559 eaque
742 3473 939 3557 majestate„
955 3491 993 3534 eo
1019 3469 1150 3535 tandem
1175 3472 1354 3535 animarum
1380 3492 1549 3556 consensu,
1572 3493 1669 3558 quem
1692 3476 1778 3538 taati

284 3581 472 3658 Consertae,
493 3604 558 3645 aso
579 3582 864 3664 animati'spirita,
887 3579 1027 3664 dignitas
1048 3580 1159 3663 utique
1181 3576 1345 3663 exigebat.

381 3712 586 3800 Quapropter
614 3723 688 3813 post
708 3713 825 3793 Deum,
855 3734 875 3776 a
897 3735 959 3797 quo
989 3714 1091 3778 omnis
1114 3710 1310 3775 sufficientia
1332 3718 1441 3775 nostra
1463 3719 1521 3794 est,
1551 3712 1648 3778 Vobis
1671 3713 1776 3777 Reos-

232 3873 234 3878 .
281 3823 468 3887 rectissimi
488 3823 619 3896 Patres,
649 3821 807 3901 Votisqoc
835 3819 975 3882 Fratres
997 3819 1180 3882 rarissimi!
1198 3837 1241 3879 ex
1262 3823 1329 3881 toto
1351 3815 1448 3881 corde
1469 3826 1580 3902 grates
1602 3827 1635 3884 et
1649 3820 1775 3904 gratias

282 3949 356 4014 ago,
378 3927 499 4014 litoque
522 3929 667 3993 intimas!

381 4059 490 4124 Debet
510 4061 653 4147 profecto
669 4083 827 4144 perennes
849 4068 916 4126 tota
944 4060 1129 4145 provinciae
1161 4057 1311 4122 Ecclesia
1342 4057 1455 4122 laudes
1481 4056 1584 4124 Vobis
1611 4059 1774 4126 Reueren-

283 4167 406 4231 dissimi
433 4166 624 4232 Praesules!
660 4191 717 4254 pro
745 4172 871 4234 sincera
897 4175 930 4230 et
952 4168 1110 4231 constanti
1132 4172 1165 4230 et
1194 4172 1306 4230 sancta
1333 4174 1533 4252 paternaque
1553 4167 1777 4250 teneritudine,

282 4296 380 4360 quam
401 4277 435 4339 in
457 4275 518 4340 hoc
539 4276 692 4361 pastorali
714 4278 842 4361 negotio
867 4295 957 4338 verae
979 4295 1017 4336 ac
1038 4283 1188 4337 estanar
1202 4273 1303 4355 ipsius
1325 4271 1470 4336 felicitati
1493 4280 1531 4337 et=
1544 4272 1638 4338 saluti
1654 4277 1776 4360 impen-

283 4382 385 4448 distis.
427 4383 522 4448 Hanc
543 4386 671 4466 etenim,
694 4385 755 4448 etsi
783 4384 881 4447 tacito
903 4381 1029 4445 silentio
1050 4381 1198 4444 venerari
1220 4376 1326 4461 velim,
1360 4386 1504 4463 conatus,
1538 4380 1655 4465 studia,
1688 4380 1777 4448 labo·

126 4538 130 4545 .
235 4500 237 4505 “
282 4511 335 4554 res
357 4489 466 4555 Vestri
488 4492 614 4555 wanda
635 4490 825 4577 loquuntur,
847 4491 920 4572 imo,
942 4488 1028 4552 hunc
1049 4487 1150 4550 solum
1172 4485 1324 4550 Vestrum
1353 4488 1521 4571 insignem,
1551 4487 1635 4552 hanc
1664 4493 1776 4572 saqui-

282 4599 380 4662 sitam
401 4596 657 4681 sollicitudinem,
680 4606 824 4679 tempora
836 4600 962 4681 sutura
982 4592 1170 4675 narrabunt,
1193 4593 1277 4658 hanc
1292 4596 1381 4676 fasti
1402 4595 1577 4678 synodales
1594 4594 1776 4682 loquentur,

284 4712 317 4768 et
344 4707 522 4788 posteritas
557 4706 591 4767 in
618 4704 790 4770 annalibus
822 4703 919 4788 hujus
940 4702 1115 4787 Prsgensis
1151 4698 1320 4766 Ecclesiae
1356 4703 1598 4767 admirabunda
1617 4712 1776 4790 grataque

283 4818 390 4876 mente
414 4813 577 4897 suscipiet.

382 4942 455 5007 Non
483 4946 588 5008 minus
617 4944 714 5010 Votis
736 4946 833 5008 saara
861 4944 982 5029 gratias
1008 4962 1108 5027 agere
1134 4948 1167 5005 et
1196 4939 1352 5024 gratulari
1376 4943 1493 5024 optimo
1509 4945 1587 5027 jure
1609 4943 1776 5028 debemus,

290 5051 498 5117 Venerabilos
519 5052 658 5117 Fratres
684 5074 722 5116 ao
743 5053 845 5117 Filii!

384 5181 638 5264 Qustuordecim
667 5184 736 5249 dies
763 5204 783 5248 a
811 5186 914 5272 primo
942 5193 1051 5251 nostro
1079 5183 1248 5249 Conventa
1277 5183 1483 5267 effluxerunt,
1512 5192 1545 5252 ct
1566 5186 1594 5251 si
1615 5193 1688 5272 post
1709 5192 1776 5250 tam
