3960 5956
791 686 1045 789 unctus
1075 688 1149 813 11.ἰ

350 940 352 943 ·
407 917 757 1050 ’1111111111
789 929 894 1009 ΕΤ
925 927 1533 1014 rnsrrrunronn
1615 1004 1618 1009 ,

719 1060 1222 1181 oAtrHonroA.

846 1312 1038 1461 curun
1067 1380 1099 1460 1.
1134 1391 1136 1396 ·

512 1647 516 1655 -
633 1551 823 1676 Βθᾙᾱθ
849 1597 1018 1676 sancte
1044 1533 1299 1678 seruanda.
1353 1563 1383 1604 ⁵

339 1831 535 1916 Sanctam
567 1808 828 1913 Catholicam
867 1839 908 1910 et
937 1827 1224 1938 Apostolicam
1258 1831 1384 1913 fidem
1414 1828 1620 1938 humanae
1650 1843 1736 1919 sa?

224 1961 333 2047 lutis*
350 1966 512 2046 initium
543 1975 584 2045 et
612 1962 929 2047 fundamentum
953 1962 1263 2070 praedicamus,
1295 1965 1383 2045 sine
1413 1992 1496 2073 qua
1524 1967 1718 2076 impossi-

224 2098 306 2182 bile
335 2110 398 2180 est
426 2097 589 2206 placere
619 2095 723 2177 Deo.
779 2094 903 2175 Hanc
931 2095 985 2176 ab
1017 2094 1230 2205 omnibus,
1262 2098 1332 2205 qui
1362 2126 1437 2205 per
1465 2075 1719 2207 baptismum
1802 2171 1807 2179 .

224 2232 267 2312 in
285 2222 435 2312 sinum
454 2239 621 2341 sanctae
650 2227 794 2309 Matris
812 2226 1025 2345 Ecclesiae
1054 2230 1208 2336 recepti
1236 2240 1353 2327 sunt,
1383 2230 1553 2313 firmiter
1575 2243 1719 2315 tenen-

226 2363 324 2445 dam
353 2390 462 2461 esse,
493 2390 617 2443 nemo
647 2361 711 2457 sit,
742 2361 814 2467 qui
843 2349 1044 2469 ambigat
1292 2464 1294 2468 .
1429 2460 1432 2464 Ι
1759 2351 1761 2355 ’

341 2495 560 2577 Monemus
590 2495 729 2602 itaque
759 2486 903 2574 omnes
933 2504 975 2574 et
1004 2493 1191 2604 singulos
1220 2493 1363 2577 fideles
1397 2496 1519 2578 nobis
1549 2526 1719 2579 concre-

225 2630 354 2738 ditos,
396 2639 451 2736 ut
471 2656 600 2735 quum
639 2627 759 2708 malis
799 2626 911 2708 hisce
942 2626 1088 2708 diebus
1117 2628 1363 2737 gravissima
1401 2629 1455 2710 sit
1484 2627 1719 2711 colluctatio

224 2791 309 2843 non
339 2760 475 2842 solum
504 2759 701 2840 adversus
736 2786 900 2840 carnem
941 2770 982 2839 et
1011 2761 1256 2869 sangninem
1296 2760 1369 2842 sed
1398 2761 1595 2844 adversus
1635 2764 1720 2871 spi·
1760 2756 1764 2763 ’

223 2893 390 2983 rituales
419 2893 623 3000 nequitias
662 2892 705 2970 in
735 2875 1001 2989 coelestibus,
1043 2892 1262 2974 'confortati
1296 2894 1339 2974 in
1370 2891 1553 2974 Domino
1584 2923 1721 3005 arma·

226 3037 362 3108 turam
381 3024 462 3107 Dei
482 3017 699 3131 accipiant,
730 3024 826 3105 ante
847 3025 987 3105 ormria
1007 3035 1216 3106 sumentes
1246 3037 1409 3106 scutum
1424 3026 1538 3124 fidei·
1562 3028 1605 3107 in
1637 3056 1720 3136 quo
1825 3100 1826 3103 1
1856 3107 1858 3111 ,

225 3160 386 3268 possint
415 3158 497 3239 tela
526 3157 778 3264 nequissima
806 3158 931 3266 ignea
960 3159 1210 3267 extinguere.
1241 3157 1451 3239 lnnumeri
1476 3158 1723 3266 prohdolor

225 3319 381 3374 errores
410 3300 452 3371 et
479 3289 724 3397 impiissima
763 3299 998 3369 commenta
1028 3289 1080 3370 de
1109 3290 1350 3390 veritatibus
1379 3292 1558 3407 manime
1578 3285 1722 3375 neces·

226 3424 342 3506 sariis
371 3421 597 3504 hodiedum
635 3421 741 3502 inter
770 3419 912 3534 fideles
951 3433 1202 3530 sparguntur
1231 3421 1353 3517 adeo,
1385 3433 1431 3503 ut
1459 3423 1722 3505 mendacium

227 3558 346 3664 quasi
374 3555 570 3641 thronum
601 3553 679 3637 sibi
707 3555 752 3634 in
771 3552 908 3634 medio
939 3564 1070 3634 terrae
1100 3554 1290 3655 erexerit3
1322 3581 1455 3662 eoque
1480 3557 1635 3663 passim
1655 3582 1722 3637 se-

228 3689 448 3771 ductorum
476 3688 721 3797 perversitas
751 3686 926 3784 devenit,
958 3697 1004 3767 ut
1032 3715 1117 3768 non
1148 3686 1284 3767 solum
1305 3673 1488 3782 divinam
1508 3689 1723 3769 veritatem

228 3822 346 3931 quasi
375 3822 566 3903 tenebras
595 3820 662 3901 vel
691 3821 1023 3928 superstitionem
1053 3819 1266 3901 traducere
1296 3821 1465 3901 minime
1494 3811 1722 3920 vereantur,
1820 3796 1824 3805 .

227 3956 301 4058 sed
339 3938 505 4063 abjecto
522 4049 528 4060 ι
540 3982 709 4061 prorsus
749 3953 862 4033 omni
902 3952 1114 4062 dignitatis
1153 3952 1360 4034 humanae
1399 3982 1522 4035 sensu
1566 3954 1724 4065 nullam

228 4088 352 4198 plane
380 4088 573 4178 exsistere
596 4086 788 4193 jactitent
817 4085 1120 4183 revelationem,
1151 4085 1361 4168 nullamve
1381 4087 1597 4197 religiosae
1616 4087 1723 4168 veri·
1799 4123 1801 4127 ’
1838 4141 1842 4164 .

227 4222 323 4303 tatis
353 4219 638 4302 certitudinem
668 4229 713 4301 et
737 4220 1044 4323 auctoritatem3
1076 4247 1159 4328 quo
1190 4231 1346 4302 asserto
1377 4233 1619 4303 cunctorum
1642 4220 1723 4299 uti·
1850 4247 1856 4257 ·

231 4382 312 4463 que
341 4354 453 4436 salus
483 4348 649 4434 corruit
664 4363 706 4432 et
734 4351 906 4447 humani
935 4353 1097 4461 generis
1127 4339 1302 4434 societas
1331 4354 1478 4433 misere
1508 4352 1623 4460 perit.
1669 4350 1725 4431 Et

230 4488 431 4593 quamvis,
463 4513 592 4593 quum
622 4485 762 4566 anima
790 4485 844 4566 sit
873 4484 1184 4593 quodammodo
1224 4485 1462 4566 naturaliter
1491 4484 1723 4579 christiana,
1873 4564 1876 4569 ,
1917 4517 1918 4521 ¹

228 4619 382 4729 luxque
411 4620 593 4702 veritatis
623 4620 748 4700 ctiam
777 4619 929 4701 invitos
949 4619 1154 4727 percellat,
1184 4618 1379 4725 iniquitas
1398 4613 1490 4725 ipsa
1509 4618 1587 4699 sibi
1607 4645 1723 4697 men-

229 4754 372 4835 daun:
404 4765 491 4835 tam
519 4761 654 4834 astute
684 4752 952 4849 nihilominus
981 4753 1087 4834 veris
1106 4751 1211 4832 falsa
1230 4752 1464 4832 inseruntur
1487 4750 1725 4860 artibusque

231 4886 446 4969 mendacia
484 4896 698 4996 tegtmtur,
738 4897 786 4966 ut
824 4896 984 4995 praeter
1022 4886 1235 4993 imperitos
1268 4884 1412 4966 fraude
1448 4882 1643 4991 deceptos
1682 4883 1725 4964 in

230 5048 408 5121 errorem
447 5019 715 5116 inducantur,
756 5021 790 5101 si
830 5020 917 5129 fieri
950 5020 1099 5127 possit·
1122 5020 1246 5099 etiam
1276 5019 1405 5100 electi.
1467 5016 1561 5116 Quo
1592 5018 1725 5127 magis
1827 5085 1829 5090 .

231 5156 369 5268 itaque
399 5135 590 5238 fidelibus
619 5153 851 5236 cavendum
881 5165 962 5253 est,
1002 5182 1054 5234 ne
1093 5154 1290 5262 speciosis
1319 5152 1454 5233 verbis
1484 5152 1642 5234 seducti
1664 5135 1725 5234 'ab
