3960 5956
1592 337 1704 403 XLIII

208 547 345 612 nemque
368 525 624 611 sollicitudinem,
647 551 757 593 curam
779 536 812 594 et
834 532 1060 616 cogitationem
1082 531 1124 595 ad
1146 533 1555 620 sanctissimaereligionis
1574 543 1702 601 nostrae

211 634 400 719 dignitatem
422 635 455 698 in
477 633 539 698 hac
571 636 737 719 provincia
767 637 920 701 tuendam
947 645 1044 722 atque
1065 638 1249 737 augendam
1277 641 1451 706 Nobiscum
1471 642 1559 709 hisce
1583 643 1699 709 diebus

207 741 397 807 traducturi.

308 875 405 956 Apta
431 874 707 939 Reuerendissirni
733 877 855 939 Patres
881 886 910 940 et
938 877 1078 941 Fratres
1108 880 1291 942 carissimi!
1314 883 1441 964 magnis
1473 864 1701 968 alacribusque

207 983 322 1047 animis
350 981 393 1049 ad
415 984 551 1067 primam
572 983 656 1047 hanc
677 981 854 1067 Synodum,
879 1005 937 1068 pro
959 983 1045 1078 felici
1067 985 1195 1050 Christo
1217 985 1356 1051 Domino
1378 986 1554 1072 adjuvante
1586 987 1700 1053 Conci·

105 1162 106 1165 ¹
208 1089 322 1153 horum
343 1090 588 1174 inauguratione
611 1088 805 1155 accedamus
827 1099 971 1176 oportet3
993 1112 1099 1178 neque
1121 1093 1206 1155 enim
1228 1100 1288 1175 est,
1311 1093 1397 1178 quod
1418 1097 1466 1158 rei
1487 1097 1627 1159 novitate
1649 1106 1705 1161 aut
1761 1100 1762 1103 ’

209 1194 398 1260 difficultate
432 1197 672 1280 deterreamur3
709 1197 865 1263 bonorum
887 1198 1046 1285 siquidem
1068 1200 1209 1264 omnium
1239 1198 1362 1265 Parens
1390 1210 1423 1263 et
1448 1201 1572 1266 Auctor
1599 1202 1701 1284 Deus,

207 1305 300 1388 cujus
322 1303 444 1390 Spiritu
465 1315 566 1371 totam
587 1326 703 1389 capas
723 1307 890 1371 Ecclesiae
911 1308 1131 1373 sanctificatur
1152 1315 1185 1371 et
1205 1309 1337 1392 regitur,
1360 1311 1482 1394 coeptis
1508 1311 1626 1373 nostris
1653 1310 1700 1374 sa·

209 1410 299 1475 sebit
334 1414 453 1499 piaque
490 1415 659 1478 conamina
694 1436 753 1500 pro
790 1417 901 1500 gregis
939 1416 1047 1480 devoti
1084 1414 1187 1480 salute
1225 1415 1268 1479 ad
1301 1423 1446 1502 optatum
1484 1419 1619 1482 exitum
1632 1440 1704 1504 per·
1819 1470 1824 1478 .

209 1511 314 1584 ducet
357 1519 473 1585 Aderit
494 1520 664 1585 conatibus
685 1524 802 1587 nostris
824 1521 972 1587 Christus
994 1523 1162 1605 Dominus,
1186 1526 1240 1609 qui
1262 1524 1361 1590 verbo
1384 1527 1529 1590 veritatis
1552 1547 1624 1590 sese
1646 1525 1701 1590 ob-

207 1628 348 1691 strinxit:
375 1627 481 1692 Amen
503 1627 574 1693 dico
596 1627 699 1710 vobis,
722 1630 749 1693 si
777 1629 839 1694 duo
867 1651 909 1694 ex
935 1629 1027 1694 vobis
1050 1631 1271 1695 consenserint
1293 1641 1530 1716 superterram
1552 1633 1592 1698 de
1614 1637 1700 1699 omni

129 1814 132 1818 Ι
206 1756 251 1818 re,
274 1756 511 1824 quamcumque
532 1738 693 1824 petierint,
715 1736 771 1802 fiet
792 1736 855 1802 illis
877 1760 898 1802 a
918 1738 1014 1802 Patre
1036 1739 1122 1805 meo!
1144 1739 1258 1804 Amen.

572 2011 611 2094 2)
631 2015 800 2078 Anocutio
820 2016 858 2078 in
878 2015 990 2093 prima
1010 2016 1166 2080 mone
1187 2016 1333 2092 publica

741 2195 1016 2259 Reveraadissimi
1036 2196 1176 2258 Patres!

678 2399 682 2407 ·
770 2360 853 2424 lilii
873 2360 1113 2425 Dilectissimi!
1217 2351 1220 2358 ’

306 2512 427 2579 Sancta
452 2515 516 2579 Dei
542 2514 704 2597 Ecclesia,
742 2514 838 2580 saluti
869 2517 1069 2602 prospiciens
1100 2519 1292 2599 animarum,
1323 2517 1536 2583 solertissima
1569 2541 1700 2605 semper

207 2620 400 2707 invigilabat
431 2644 511 2686 cara
532 2644 715 2707 mnnenqne
735 2623 899 2688 indefesso
921 2622 1031 2689 labore
1053 2622 1205 2689 movebat
1226 2625 1376 2707 lapidem,
1398 2633 1435 2688 ut
1460 2625 1590 2709 rejectis
1617 2648 1704 2691 erro·

205 2732 305 2803 ribus,
328 2733 476 2795 veritatis
497 2731 652 2813 splendor
672 2729 768 2795 latius
789 2726 1001 2813 illucesceret,
1024 2739 1123 2817 utque
1141 2732 1227 2795 vitiis
1243 2731 1429 2817 exstirpatis
1445 2730 1567 2795 candor
1577 2727 1704 2796 ¹morum

205 2839 238 2902 in
259 2836 411 2902 membris
434 2836 554 2902 Christi
576 2847 787 2904 corruscaret.
832 2839 1002 2903 Neminem
1023 2846 1132 2902 autem
1152 2838 1305 2903 Vestrum
1327 2837 1415 2921 latet,
1439 2838 1569 2925 qualem
1590 2837 1704 2904 Eccle-

205 2947 268 3027 sia,
298 2946 384 3010 hunc
399 2946 594 3029 gravissimi
620 2948 771 3011 momenti
797 2945 895 3009 finem
921 2953 1123 3027 assecutura,
1151 2944 1286 3029 elegerit
1311 2946 1412 3024 viam3
1452 2947 1552 3010 nostis
1580 2967 1701 3029 omnes,

205 3054 337 3139 copiosa
357 3074 416 3138 per
437 3038 638 3116 saeculorum
661 3053 833 3118 decursum
855 3061 1033 3118 convocata
1054 3053 1154 3116 luisse
1168 3053 1322 3126 Concilio,
1344 3052 1514 3136 legemque
1537 3054 1704 3137 sancitam,

205 3168 241 3223 ut
267 3162 520 3247 quotiescunque
547 3182 655 3224 rerum
688 3168 931 3245 temporumque
961 3161 1042 3223 ratio
1074 3159 1259 3223 admitteret
1293 3168 1326 3223 et
1357 3160 1544 3245 postularet,
1576 3162 1730 3244 Synodi‘

205 3265 455 3351 celebrarentur,
477 3270 588 3355 sicque
610 3288 732 3332 mamm
752 3265 871 3331 videtis
893 3267 927 3329 in
947 3264 1096 3330 Ecclesia
1118 3274 1259 3348 enatum,
1281 3269 1335 3353 qui
1358 3269 1552 3348 antiquitate
1573 3275 1623 3332 est
1644 3289 1701 3332 ve·

204 3374 368 3458 nerabilis,
389 3376 588 3458 superiectio
609 3375 845 3461 comprobatus,
868 3377 930 3439 imo
953 3382 986 3437 et
1006 3376 1192 3438 necessitate
1213 3396 1452 3459 nonnumquam
1473 3377 1701 3460 praescriptus.

304 3531 509 3614 Antiquitate
533 3530 729 3598 laudabilem
751 3532 823 3597 dico
845 3530 1060 3595 conciliorum
1082 3551 1212 3594 morem.
1234 3529 1295 3594 Est
1315 3532 1401 3594 enim
1423 3531 1519 3616 hujus
1542 3534 1575 3595 in
1589 3531 1704 3596 Eccle·'

207 3640 257 3704 sia
276 3640 412 3703 instituti
427 3646 540 3704 auctor
553 3639 701 3704 Christus
724 3640 892 3722 Dominus,
915 3647 1054 3723 suntque
1076 3638 1222 3722 magistri
1241 3637 1403 3722 Apostoli3
1426 3661 1500 3703 nam
1515 3638 1596 3723 Ejus
1612 3648 1703 3704 certa

205 3745 336 3832 quidem
361 3768 438 3811 sane
467 3755 518 3812 est
543 3746 598 3813 iIla
628 3750 811 3834 promissio,
844 3770 917 3811 cum
944 3768 1036 3810 suam
1062 3766 1156 3832 opem
1185 3767 1343 3831 suumque
1365 3745 1522 3811 auxilium
1544 3746 1704 3832 ejusmodi

204 3852 415 3918 conventibus
436 3856 497 3919 rite
520 3853 693 3930 celebratis
713 3853 883 3940 pollicetur
904 3862 937 3918 et
951 3853 1064 3936 desert,
1088 3853 1165 3917 dum
1186 3855 1246 3917 ait:
1280 3854 1405 3928 „Amen
1432 3856 1502 3919 dico
1530 3857 1626 3930 coba,
1648 3858 1704 3920 nbi

197 3963 327 4044 suerint
353 3962 416 4026 dno
441 3963 492 4027 uel
517 3972 584 4027 tres
609 3965 794 4047 conprepcti
820 3965 856 4025 in
882 3963 1009 4025 nemine
1029 3982 1109 4035 meo,
1136 3963 1182 4024 ibi
1207 3983 1279 4025 sam
1300 3982 1355 4045 epo
1376 3965 1412 4025 in
1433 3964 1535 4026 undio
1557 3965 1697 4026 cornm.“

204 4068 354 4152 Apostoli
375 4091 462 4154 vero,
485 4072 545 4135 etsi
571 4070 701 4136 doctore
725 4069 847 4155 Spiritu
868 4067 987 4151 Sancto
1009 4066 1143 4132 uberem
1166 4089 1330 4133 sacrarum
1358 4090 1465 4133 rerum
1488 4073 1703 4155 cognitionem

204 4178 327 4261 sinpnli
348 4187 550 4264 acceperant,
573 4187 681 4243 tamen
703 4176 831 4264 siquid
856 4177 989 4261 gravim
1011 4174 1139 4260 publice
1156 4177 1345 4261 praesertim
1360 4177 1522 4261 agendum
1537 4184 1703 4261 noverant,

205 4284 268 4349 hac
293 4283 496 4350 consultandi
523 4287 647 4351 ratione
674 4286 720 4348 uti
745 4267 997 4365 consueveruut3
1029 4304 1094 4348 non
1123 4282 1188 4347 alia
1209 4304 1252 4347 ex
1274 4305 1382 4368 causa,
1413 4306 1509 4370 quam
1530 4293 1566 4348 ut
1587 4285 1703 4350 futuris

205 4392 403 4477 temporibus
431 4396 633 4480 posterisque
655 4393 823 4459 Ecclesiae
844 4391 1024 4457 rectoribus
1045 4391 1230 4477 exemplum
1255 4391 1474 4480 relinquerent
1495 4402 1528 4457 et
1548 4416 1703 4459 normam.

304 4525 428 4591 Horum
450 4507 572 4590 ¹aemuli
599 4523 820 4610 exemplorum
841 4524 912 4608 jam
939 4514 1041 4588 altero
1068 4544 1163 4588 aerae
1191 4523 1385 4589 christianae
1407 4523 1536 4590 saeculo
1557 4523 1704 4590 Concilia

204 4631 449 4699 celebraverant
469 4632 634 4719 Episcopi,
663 4641 696 4697 et
716 4632 816 4697 finitis
837 4631 978 4714 tandem,
1001 4631 1119 4717 quibus
1147 4629 1362 4696 Romanorum
1389 4631 1604 4718 Imperatores
1630 4654 1702 4717 reg·

203 4764 281 4808 num
303 4742 367 4808 Dei
389 4750 535 4809 evertere
556 4740 778 4824 intendebant,
806 4742 948 4805 cruentis
969 4737 1258 4826 persecutionibus,
1280 4737 1430 4804 Ecclesia
1450 4739 1610 4804 redditam
1632 4739 1696 4805 sibi

204 4872 320 4937 pacem
342 4874 413 4915 enm
436 4854 481 4917 c‘n
505 4854 606 4936 sinam
637 4851 876 4937 praecaetan‘s
898 4848 1056 4929 adhibuit,
1078 4855 1114 4911 ut
1142 4869 1277 4932 magnos
1299 4846 1370 4914 illos
1398 4855 1431 4912 et
1457 4849 1703 4934 augustissimos

204 4967 314 5024 coetus
336 4959 526 5043 celebraret,
548 4979 628 5044 quos
650 4961 834 5025 nominasse
851 4959 922 5042 jam
942 4956 1094 5021 laudasse
1120 4965 1185 5038 est3
1213 4962 1343 5021 sanctas
1371 4956 1523 5023 videlicet
1549 4964 1582 5020 ct
1600 4950 1703 5022 'oecu-

207 5070 350 5135 menicas
372 5067 531 5155 Synodos,
554 5089 690 5154 quarum
712 5087 895 5155 supremam
916 5053 951 5130 in
971 5065 1069 5130 rebus
1090 5063 1168 5129 fidei
1189 5087 1229 5130 ac
1249 5086 1374 5130 morum
1389 5065 1615 5141 authoritatem
1636 5073 1703 5129 tam

209 5175 327 5244 Oriens
349 5199 450 5264 quam
471 5174 633 5242 Occidens
654 5173 906 5242 venerabundus
928 5192 1055 5258 semper
1076 5172 1217 5276 agnovit.
