3960 5956
851 771 1106 872 munus
1122 718 1216 872 rv.

647 992 760 1075 DE
791 924 1420 1077 SAOicAMENTIS.

914 1255 1116 1343 CAPUT
1134 1258 1165 1340 Ι.

679 1478 751 1558 De
780 1475 1096 1559 sacramentis
1125 1477 1176 1558 in
1205 1494 1388 1579 genere.

413 1699 628 1799 Virtutem,
659 1727 766 1808 quae
796 1729 846 1782 ex
875 1701 1079 1809 passione·
1098 1698 1253 1784 Christi
1282 1712 1434 1800 manat,
1465 1699 1658 1783 videlicet
1685 1726 1782 1810 gra-

293 1832 405 1931 tiam,
436 1859 562 1939 quam
592 1831 708 1914 Deus
728 1858 777 1911 ac
807 1828 997 1914 Salvator
1026 1843 1165 1915 noster
1194 1835 1238 1914 in
1267 1861 1339 1915 ara
1369 1830 1514 1916 Crucis
1543 1832 1702 1931 meruit
1733 1832 1777 1912 in

293 1990 371 2045 nos
400 1963 513 2071 ipsos
533 1962 708 2044 derivari
728 1973 911 2071 oportet3
942 1962 1060 2057 aliter
1088 1965 1199 2046 enim
1219 1966 1374 2047 nemini
1403 1963 1488 2046 ulla
1512 1963 1656 2046 salutis
1684 1990 1780 2072 spes

293 2094 450 2204 reliqua
491 2123 579 2177 esse
618 2096 779 2204 poterit.
841 2092 1049 2194 Quoniam
1088 2107 1227 2178 autem
1265 2107 1413 2179 natura
1455 2098 1514 2178 ita
1553 2095 1781 2204 comparati
1832 2174 1834 2178 .

293 2255 447 2326 sumus,
477 2237 524 2308 ut
553 2227 607 2310 ad
637 2257 778 2310 earum
807 2256 944 2309 rerum
972 2230 1172 2328 notitiam,
1204 2256 1310 2338 quae
1339 2238 1478 2310 mente
1506 2239 1631 2337 atque
1659 2226 1780 2310 intel·

294 2361 467 2470 ligantia
491 2359 905 2479 comprehenduntur,
936 2362 1198 2469 potissimum
1227 2389 1424 2444 sensuum
1453 2359 1609 2442 auxilio.
1636 2387 1782 2468 perve-

294 2492 476 2574 niamus:
518 2490 629 2573 idem
658 2494 985 2601 sapientissimus
1013 2520 1148 2573 rerum
1179 2494 1366 2574 omnium
1394 2492 1550 2593 artiferr,
1592 2490 1782 2574 conside-

291 2651 388 2706 rans
412 2623 583 2705 humani
612 2625 768 2734 ingenii
797 2623 1141 2725 imbecillitatem,
1182 2654 1274 2706 eam
1312 2626 1447 2734 ipsam
1478 2626 1672 2729 virtutem
1701 2622 1778 2704 ali-

293 2754 445 2864 quibus
473 2757 614 2865 signis,
655 2782 761 2863 quae
791 2756 868 2839 sub
908 2784 1075 2838 sensum
1105 2756 1268 2857 cadunt,
1308 2787 1384 2866 pro
1414 2784 1491 2839 sua
1528 2757 1573 2838 in
1601 2784 1679 2839 nos
1707 2754 1782 2838 be-

293 2888 497 2997 nignitate
536 2886 769 2987 declaravit,
809 2898 865 2986 ut,
906 2915 1012 2995 quae
1052 2887 1215 2969 occulta
1249 2887 1328 2970 Dei
1359 2889 1508 2971 virtute
1539 2887 1781 2987 efficiuntur,

295 3017 456 3101 facilius
473 3011 713 3129 ‘intelligere
742 3046 969 3127 possemus.
1035 3018 1104 3119 ,Si
1134 3020 1245 3101 enim
1275 3021 1543 3131 incorporeus
1576 3048 1697 3119 esses,
1723 3019 1782 3100 ait

280 3179 326 3232 s.
358 3148 693 3260 Chrysostomus,
724 3150 837 3232 nuda
866 3160 907 3233 et
936 3152 1177 3260 incorporea
1211 3151 1287 3235 tibi
1314 3132 1496 3235 'dedisset
1528 3132 1621 3261 ipsa
1650 3150 1781 3254 dona;

294 3282 368 3364 sed
397 3284 595 3391 quoniam
624 3285 764 3365 anima
792 3284 955 3392 corpori
976 3295 1165 3365 conserta
1194 3293 1266 3382 est,
1296 3284 1340 3365 in
1365 3282 1631 3367 sensibilibus
1660 3282 1782 3365 intel-

294 3414 469 3526 ligibilia
507 3413 584 3497 tibi
612 3414 818 3523 praebet.“
841 3411 873 3494 1)
914 3413 1050 3515 Quare
1087 3393 1429 3499 clementissimus
1458 3415 1665 3499 Dominus
1705 3407 1783 3498 Sa·

295 3558 505 3630 eramenta
523 3546 650 3630 verbo
680 3576 756 3630 suo
787 3557 828 3628 et
847 3547 1120 3656 promissione
1149 3548 1309 3630 sancita
1337 3550 1380 3630 in
1400 3547 1587 3631 Ecclesia
1606 3547 1782 3655 reliquit,
1908 3571 1916 3583 ·

296 3707 402 3789 quae
430 3680 659 3764 sanctitatis
698 3691 739 3762 et
760 3682 947 3790 justitiae
976 3691 1065 3762 tum
1104 3680 1400 3792 significandae
1429 3690 1519 3762 tum
1544 3677 1783 3762 efficiendae

295 3812 381 3894 vim
410 3812 619 3913 haberent,
650 3841 723 3921 per
753 3840 859 3922 quae
888 3814 1093 3921 passionis
1122 3840 1221 3895 suae
1250 3813 1427 3894 fluctum
1466 3811 1591 3894 nobis
1620 3839 1664 3893 re
1693 3811 1784 3919 ipsa

296 3946 591 4027 communicari
611 3944 699 4027 sine
725 3944 982 4027 dubitatione
1003 3945 1270 4046 crederemus,
1301 3947 1336 4027 si
1355 3943 1482 4026 modo
1497 3943 1784 4051 unusquisque

207 4128 211 4133 -
299 4081 488 4160 nostrum
517 4075 571 4157 ad
600 4105 645 4158 se
674 4105 766 4158 eam
796 4078 1050 4159 curationem
1080 4079 1148 4186 pie
1177 4089 1219 4158 et
1257 4077 1447 4187 religiose
1487 4071 1796 4158 admoverem-

300 4285 303 4289 .
413 4206 523 4291 (lum
551 4209 654 4290 haec
693 4210 747 4290 sit
776 4208 1135 4291 Sacramentorum
1165 4208 1325 4292 indoles
1364 4219 1405 4290 et
1443 4217 1559 4289 tanta
1589 4205 1783 4306 efficacia,

297 4351 385 4424 tam
414 4369 541 4452 grave
580 4351 621 4422 et
650 4351 839 4423 sanctum
878 4343 921 4424 in
960 4343 1011 4423 iis
1040 4341 1328 4450 dispensandis
1357 4339 1619 4423 sacerdotum
1659 4339 1785 4420 mini*

297 4474 477 4574 sterium,
507 4484 676 4582 tamque
705 4472 850 4556 uberes
879 4474 1036 4556 fructus
1065 4475 1277 4582 conspicui
1307 4475 1351 4554 in
1381 4473 1442 4571 iis,
1473 4473 1544 4580 qui
1568 4472 1644 4553 rite
1663 4498 1783 4580 prae·

297 4608 430 4715 parati
465 4634 514 4688 ea
543 4606 691 4688 devote
720 4606 970 4714 suscipiunt3
1012 4607 1233 4688 canonicas
1262 4605 1496 4687 sanctiones
1526 4605 1784 4703 innovantes,

297 4739 515 4822 statuenda
544 4738 744 4837 ducimus,
775 4766 882 4848 quae
911 4749 1156 4847 sequrmtur:

348 5013 369 5096 ¹)
392 5013 509 5078 Homil.
531 5014 582 5078 60.
604 5014 647 5077 ad
669 5037 744 5099 pop.
766 5013 916 5079 Antioclu
940 5013 980 5076 de
1003 5010 1174 5076 sumentib.
1195 5011 1326 5096 indigne
1349 5010 1447 5075 divin.
1469 5018 1601 5095 myster.

341 5119 369 5203 ²)
391 5117 509 5184 Confer
541 5121 613 5183 Cat.
635 5120 729 5185 Rom.
751 5142 782 5206 p.
804 5121 833 5184 2.
856 5141 926 5203 cap.
943 5120 969 5181 l.
993 5128 1117 5204 quaest.
1139 5119 1187 5181 14.
