3960 5956
297 323 358 386 110

296 538 342 610 et'
365 530 435 637 pia
464 526 822 610 commendatione
861 555 937 610 sua
966 530 1196 631 comitatrn,
1235 533 1375 612 itaet
1403 539 1663 615 mortuorum
1698 561 1785 618 non

296 655 553 760 obliviscens,
577 661 693 768 justa
708 688 758 741 ac
777 658 918 741 debita
936 661 995 742 eis
1014 663 1222 769 persolvit,
1245 663 1354 775 dum
1369 689 1545 771 corpora
1563 673 1778 772 tamquam

292 789 449 903 templa
483 791 657 901 Spiritus
697 794 828 874 sancti
867 792 1088 902 epulvere
1126 793 1350 903 aliquando
1379 795 1661 878 resuscitanda
1704 796 1786 905 piis

152 960 159 965 ·
292 925 438 1009 ritibus
467 923 692 1008 honorifice
729 925 772 1004 in
802 923 894 1042 loco
925 921 1084 1008 sacrato
1114 925 1302 1028 condere,
1342 954 1418 1035 pro
1456 927 1590 1010 salute
1618 928 1781 1010 anima-

293 1087 385 1139 rum
415 1085 512 1139 vero
543 1056 774 1165 supplicare
804 1064 847 1137 et
875 1066 1019 1137 sancta
1047 1057 1192 1140 offerre
1221 1057 1422 1141 sacrificia
1449 1058 1547 1141 inde
1585 1059 1642 1142 ab
1669 1062 1780 1143 anti-

267 1190 499 1298 quissimis
529 1187 784 1297 temporibus
815 1190 1041 1270 consuevit.
1103 1188 1227 1272 Hanc
1260 1191 1496 1301 sepulturae
1535 1191 1783 1276 ecclesiasti·

292 1350 365 1404 cae
385 1323 595 1430 liturgiam
625 1330 666 1403 et
692 1320 972 1429 Exequiarum
998 1321 1185 1405 ordinem
1215 1322 1270 1404 ad
1289 1325 1588 1433 praescriptum
1606 1323 1784 1407 Ritualis

200 1470 207 1487 ⁴
292 1464 333 1537 et
361 1454 538 1571 Missalis
559 1452 739 1536 Romani
769 1481 818 1535 ea
833 1453 1055 1537 devotione
1084 1465 1126 1536 et
1145 1457 1298 1564 pietate
1327 1465 1532 1566 peragant
1550 1455 1784 1539 animarum

196 1612 204 1619 ·
292 1598 495 1697 pastores,
517 1596 564 1667 ut
578 1585 632 1667 ad
655 1584 984 1668 aedificationem
1001 1584 1328 1670 Olnistianomm
1343 1587 1466 1671 funus
1482 1588 1781 1690 comitantium,

291 1721 346 1802 ad
375 1718 702 1802 consolationem
736 1721 1010 1801 moerentium
1039 1729 1164 1828 atque
1194 1720 1247 1802 ad
1276 1719 1452 1802 salutem
1490 1718 1784 1804 defimctorum
1922 1722 1929 1729 '

290 1850 528 1962 hujusmodi
550 1848 783 1959 sepulturae
810 1848 1057 1932 beneficium
1087 1849 1280 1933 conferat
1337 1849 1533 1935 Ceterum
1570 1853 1784 1962 sequentia

220 1973 222 1983 ’
289 1986 334 2066 in
363 1985 472 2066 hanc
501 2011 591 2065 rem
620 1983 830 2065 monenda
858 1993 900 2065 et
928 1982 1149 2066 recolenda
1178 1985 1434 2067 censuimus:

410 2187 445 2262 1.
477 2181 664 2262 Ecclesia
694 2179 907 2278 catholica,
946 2180 1046 2261 dum
1075 2180 1284 2261 neminem
1313 2179 1515 2289 prohibet,
1556 2190 1603 2262 ut
1631 2208 1780 2292 corpo-

289 2314 402 2400 ribus
432 2342 601 2395 suomm
631 2313 747 2420 pium
768 2310 1001 2421 seprdturae
1027 2310 1224 2396 officium,
1239 2313 1307 2421 pie
1338 2311 1539 2411 exhibeat,
1570 2312 1622 2393 de
1648 2313 1781 2395 eccle·

288 2449 454 2530 siastica
482 2455 624 2527 tamen
653 2442 874 2552 sepultura,
905 2471 1011 2552 quae
1040 2445 1083 2526 in
1113 2443 1206 2526 loco
1236 2472 1364 2543 sacro,
1395 2445 1603 2552 sacrisque
1631 2443 1779 2528 ritibus

288 2580 509 2689 peragitur,
538 2587 752 2684 tamquam
782 2574 834 2657 de
854 2604 929 2658 suo
959 2586 1056 2658 actu
1084 2587 1127 2657 et
1155 2577 1381 2658 ministerio
1411 2603 1528 2657 sacro
1548 2575 1779 2686 disponere,
1819 2625 1824 2633 ·

287 2736 461 2817 eamque
491 2710 575 2789 suis
603 2716 766 2790 tantum
786 2706 977 2794 fidelibus
1006 2707 1199 2790 exhibere
1224 2736 1386 2817 semper
1415 2707 1536 2789 solita
1564 2717 1638 2791 est.
1671 2706 1774 2810 Qui-

288 2868 466 2949 cumque
496 2868 594 2922 vero
624 2838 706 2920 fide
736 2850 778 2920 et
806 2867 931 2948 opere
966 2839 1200 2923 membrum
1230 2839 1440 2923 Ecclesiae
1470 2867 1559 2922 sese
1588 2839 1778 2924 exhibriit

287 2983 329 3054 et
364 2975 408 3054 in
436 2971 729 3056 communione
765 2972 853 3079 ejus
893 2969 1110 3053 defunctus
1147 2982 1219 3071 est,
1260 2973 1505 3055 christianae
1542 2972 1776 3082 sepulturae

287 3105 490 3187 honorem
520 3113 563 3185 et
580 3101 827 3185 beneficium
841 3105 936 3212 jure
955 3103 1183 3211 meritoque
1204 3104 1282 3187 sibi
1306 3103 1502 3186 vindicat
1533 3103 1633 3186 Ideo
1654 3133 1777 3188 num·

287 3264 424 3346 quam,
465 3262 600 3343 neque
637 3232 716 3315 sub
745 3233 830 3315 ullo
859 3244 1085 3342 praetextu,
1123 3236 1302 3346 exempli
1331 3237 1466 3347 gratia
1502 3262 1589 3318 non
1618 3237 1777 3327 solutae

242 3453 245 3460 ,
286 3370 416 3452 stolae
445 3367 652 3467 funeralis,
692 3393 851 3449 sacram
888 3366 1072 3450 fidelium
1111 3369 1179 3477 pie
1208 3369 1496 3452 defunctorum
1524 3368 1778 3478 sepulturam

287 3501 449 3584 differre
496 3512 569 3582 aut
605 3527 773 3609 prorsus
813 3499 1029 3609 denegare,
1078 3501 1300 3609 quisquam
1339 3511 1575 3585 curatorum
1613 3491 1774 3583 audeat

285 3634 501 3726 Memores,
519 3630 635 3746 quod
655 3631 854 3740 scriptum
873 3633 944 3714 sit:
970 3630 1159 3732 „Mortuo
1180 3659 1265 3714 non
1280 3631 1500 3741 prohibeas
1514 3633 1730 3742 gratiam,“
1744 3628 1777 3711 1)

285 3793 516 3875 pauperum
546 3792 720 3873 corpora
749 3765 878 3874 gratis
908 3763 1119 3873 sepeliant,
1157 3764 1289 3873 iisque
1318 3792 1403 3847 non
1432 3763 1575 3863 obiter,
1606 3762 1680 3846 sed
1710 3764 1778 3873 pie

287 3907 452 3981 etcum
482 3895 644 3978 decenti
673 3905 876 4005 apparatu
920 3894 1031 3978 istud
1065 3896 1312 3980 christianae
1342 3897 1553 3985 manuus
1591 3896 1776 3980 ministe-

285 4031 393 4111 rium
423 4026 653 4110 exhibeant.
714 4027 954 4111 Laudamus
983 4028 1109 4109 etiam
1138 4038 1181 4110 et
1208 4028 1409 4112 fovendas
1438 4026 1777 4112 commendamus

288 4161 538 4260 sodalitates,
570 4187 676 4268 quae
706 4188 936 4269 pauperum
965 4159 1302 4243 tumulandorum
1331 4189 1473 4244 curam
1493 4160 1714 4271 specialem
1733 4161 1777 4240 in

280 4325 331 4384 fle
361 4296 599 4404 suscipiunt.

405 4482 443 4558 2.
490 4474 630 4576 Quum
659 4474 810 4583 quibus
839 4473 1073 4575 qiventibus
1102 4503 1187 4556 non
1217 4475 1623 4575 communicavimus,
1662 4501 1775 4555 mor-

288 4613 369 4694 tuis
405 4609 710 4692 communicare
748 4606 862 4690 haud
899 4607 1127 4717 possimus:
1166 4606 1293 4690 saeris
1330 4603 1571 4689 (lenonibus
1607 4613 1796 4721 cautum¹

225 4780 229 4785 ·
287 4756 360 4843 est,
390 4772 443 4825 ne
472 4742 629 4825 honore
658 4751 700 4823 et
727 4739 928 4823 beneficio
959 4740 1258 4823 ecclesiasticae
1293 4737 1527 4846 sepulturae
1556 4736 1773 4835 donentur,

287 4876 358 4986 qui
387 4876 430 4957 in
460 4874 669 4958 Ecclesiae
699 4874 1035 4957 communionem
1064 4899 1293 4980 numquam
1311 4869 1476 4953 fuerunt
1504 4870 1667 4978 recepti,
1702 4868 1769 4951 vel

337 5139 358 5221 ¹)
380 5136 503 5201 sirach.
526 5136 554 5200 r.
576 5134 627 5199 37.
