3960 5956
1591 371 1674 437 XXl

273 571 304 634 2.
328 571 525 634 Franciaoas
538 570 715 652 Komuryt,
740 566 894 633 Dccanus
910 564 1061 653 Kaplicii,
1078 574 1109 630 et
1124 565 1287 633 districtus
1303 567 1508 655 Kaplicensis
1524 570 1674 634 Vicarius

176 679 277 743 loran.
300 677 501 764 episcopalis.

271 810 348 874 Jam
369 810 630 899 Eminentissimo
652 813 857 900 Metropolita
878 811 1052 876 mandante
1075 812 1250 877 Decretum
1282 813 1429 896 ejusdem
1461 813 1579 877 lectum
1613 823 1673 895 cst,
1728 902 1732 909 '

176 940 239 1005 quo
262 926 329 981 tum
351 920 484 985 Iudices
512 922 686 1004 synodales
707 928 775 983 tum
797 929 937 985 caeterea
959 920 1085 1003 Synodi
1107 920 1273 1003 officiales
1302 922 1475 985 constituit.
1510 922 1673 993 Nominati

176 1036 251 1090 sunt
275 1033 464 1112 sequentes:

720 1211 749 1273 Ι.
781 1212 914 1274 Iudices
934 1211 1126 1294 synodales:

279 1382 482 1447 Wencesluaa
509 1383 723 1457 Wrielaoic’elc,
758 1407 782 1447 s.
805 1383 971 1470 metropol.
997 1383 1155 1448 ecclesiae
1188 1384 1395 1470 Praepositus
1428 1395 1460 1449 et
1493 1385 1672 1469 Praelatus,

179 1489 226 1551 uti
255 1487 403 1552 Praeses.

276 1597 422 1659 Joennea
443 1598 486 1660 B.
509 1597 643 1671 Maian,
666 1619 692 1660 s.
714 1595 879 1682 metropol.
903 1595 1060 1660 ccclesiae
1083 1597 1276 1679 canonicus,
1298 1601 1345 1663 uti
1366 1599 1533 1665 Assessor.

276 1705 474 1769 Adultertus
496 1703 624 1788 Mohrgl,
646 1705 731 1770 cath.
752 1705 831 1769 eccl.
854 1705 990 1771 Budvic.
1016 1705 1209 1788 Canonicus,
1231 1709 1278 1770 uti
1299 1707 1464 1772 Assessor.

285 1813 486 1876 Weneeslaus
520 1813 673 1888 Hrdr'no,
707 1812 851 1891 cathedr.
886 1813 964 1877 ecel.
1008 1797 1364 1897 Reginaehradecensis
1397 1815 1595 1900 Canonicus,
1628 1818 1675 1881 uti
1748 1884 1752 1893 ,

181 1918 346 1983 Assessor.

695 2103 746 2166 II.
778 2103 987 2168 Promotorea
1009 2101 1165 2168 &nciliis

279 2277 479 2341 Franciscus
502 2278 628 2341 Xauer.
649 2278 807 2351 Pleuron
834 2299 876 2340 ss.
898 2277 1064 2362 metropol.
1093 2277 1250 2341 ecelesiae
1272 2277 1466 2342 Canonicus.

279 2385 417 2449 Carolus
439 2387 637 2449 Franciacea
659 2386 802 2466 Praetu,
825 2407 867 2448 ss.
890 2384 1056 2470 metropol.
1079 2384 1235 2450 ecclesiae
1257 2385 1451 2451 Canonicus.

700 2568 771 2630 ΙΙΙ.
806 2567 981 2631 secretarii
1003 2567 1156 2632 Ooocilii:

282 2718 428 2779 Joonaes
450 2717 613 2791 Gebhard,
643 2715 721 2780 eccl.
745 2715 858 2799 colleg.
892 2715 1178 2800 Vytehrad.-Oan.
1201 2714 1400 2780 honorarius.

282 2824 466 2887 Eduardus
492 2824 619 2896 Terret,
654 2825 816 2887 seminarii
846 2820 1131 2908 archiepiscopalis
1153 2822 1280 2886 Rector.

725 3006 750 3068 Ι
753 3006 791 3070 V.
814 3007 952 3075 Notarii⁴
971 3005 1106 3068 Concitet
1118 3028 1127 3066 :

278 3156 426 3219 Selectos
447 3155 575 3238 Meyer,
603 3149 681 3217 Ord.
705 3152 783 3216 cist.
806 3152 914 3239 presb.
938 3155 1025 3216 etin
1047 3151 1143 3216 Univ.
1165 3152 1262 3237 Prag.
1284 3153 1380 3219 theol.
1403 3154 1495 3219 Proi:

287 3263 474 3327 Vincentius
495 3260 695 3343 Neiltlovalry,
716 3261 750 3322 in
772 3258 868 3323 Univ.
891 3259 1041 3344 Prsgena
1069 3258 1165 3325 theol.
1187 3259 1364 3326 Professor.
1390 3311 1394 3320 .

280 3370 442 3433 Antonius
463 3368 667 3445 Jandamk,
689 3370 723 3432 in
744 3367 839 3432 Univ.
862 3366 1012 3452 Pragena
1032 3368 1255 3433 Concionator.

283 3479 446 3541 Antonius
470 3478 672 3552 Reinwartt
698 3479 731 3539 in
754 3475 848 3539 Univ.
871 3475 968 3561 Prag.
990 3472 1185 3561 theologiam
1209 3478 1338 3542 docens.

653 3661 690 3725 V.
714 3659 997 3722 Oueremortiaram
1018 3659 1197 3742 Mapioter:

280 3807 463 3872 eduardus
490 3808 617 3882 Terret,
647 3808 809 3874 seminarii
831 3807 1117 3893 archiepiscopalis
1138 3776 1266 3871 Rector.

282 3939 320 4003 ln
342 3940 413 4024 ejus
435 3938 592 4007 auxilium
613 3940 798 4024 assignatus
819 3947 882 4003 est:

294 4072 496 4136 Weneealaua
517 4040 721 4148 KrotoeltoiI.
740 4096 765 4137 s.
788 4068 954 4158 metropol.
976 4045 1140 4177 ecclcsigo·
1154 4072 1307 4138 sacriste.

279 4218 381 4283 Facta
403 4218 516 4282 horum
538 4218 734 4284 Oificialium
767 4218 1022 4303 promulgatione
1054 4162 1336 4299 Erilmntissimus
1363 4222 1568 4310 Metropolita
1588 4178 1700 4287 man-¹

184 4330 283 4413 davit,
304 4339 341 4394 ut
363 4330 403 4394 de
425 4328 583 4410 omnibus,
606 4351 689 4414 quac
711 4329 753 4393 ab
775 4328 890 4394 iisdem
912 4327 1046 4413 agenda
1063 4327 1176 4412 forent,
1200 4329 1351 4415 specialis
1372 4332 1538 4396 instructio
1557 4332 1678 4415 scripta

183 4437 355 4523 legeretur,
378 4450 461 4522 quae
483 4439 581 4501 etiam
604 4440 723 4523 scripto
747 4437 882 4522 singulis
904 4437 1023 4503 tradita
1044 4446 1103 4502 est

280 4568 324 4634 Ut
355 4570 491 4633 materia
521 4571 555 4632 in
587 4551 732 4633 Concilio
764 4568 933 4633 tractanda
954 4568 1080 4633 facilius
1108 4577 1142 4632 et
1162 4571 1319 4635 maturius
1340 4570 1537 4635 considerari
1558 4578 1677 4656 posset,

184 4677 306 4764 placuit
326 4676 588 4741 Eminentissimo
610 4675 766 4759 Praesidi,
796 4676 1085 4743 Reverendissimis
1107 4677 1277 4765 Episcopis
1299 4679 1441 4742 unanimi
1462 4700 1543 4743 voce
1565 4678 1678 4742 suffra·

183 4784 346 4870 gentibus,
369 4793 506 4869 quatuor
527 4784 777 4849 commissiones
805 4782 859 4848 vel
879 4784 1046 4849 Sectiones
1068 4784 1241 4868 synodales
1264 4783 1412 4869 formare,
1434 4807 1518 4871 quae
1537 4808 1593 4850 eas
1615 4808 1678 4868 res,

184 4891 365 4978 dequibus
395 4891 470 4955 dein
496 4890 625 4977 publice
653 4891 816 4975 agendum
838 4901 937 4974 esset,
970 4895 1031 4956 rite
1060 4900 1301 4976 praepararent.
1344 4892 1477 4975 Lectum
1499 4895 1608 4979 itaque
1631 4902 1680 4957 est

183 4998 271 5064 istud
292 4998 545 5063 Eminentissimi
576 4998 708 5063 Domini
740 4997 926 5078 Decretum,
960 5020 1023 5082 quo
1055 4996 1238 5082 hujusmodi
1271 4980 1522 5064 Commissiones
1554 5002 1679 5064 institu-

184 5113 237 5169 tae
270 5107 374 5192 iisque
401 5104 497 5170 simul
522 5107 708 5190 assignatae
737 5113 813 5170 sunt
840 5111 950 5189 partes
976 5107 1193 5189 materiarum,
1226 5105 1268 5172 ab
1286 5106 1416 5172 ‚iisdem
1450 5105 1586 5192 singulis
1607 5129 1679 5193 per·

184 5213 382 5297 tractandae,
404 5236 540 5300 quarum
562 5211 763 5298 exemplaria
784 5214 872 5297 typis
893 5214 1208 5298 impressa-fuerant.
