3960 5956
1657 341 1714 404 111

225 540 378 648 recepti
417 538 596 648 quidem,
636 547 820 623 attamen
859 538 1086 623 manifestis
1124 547 1167 620 et
1203 537 1380 649 publicis
1409 541 1589 647 peccatis
1618 569 1715 650 gra-

225 673 321 773 vati,
351 671 440 754 sine
467 671 721 779 poenitentia
757 671 975 780 perienmt.
1035 671 1314 754 Provocantes
1353 669 1525 779 proinde
1564 671 1620 753 ad
1648 672 1715 753 in·

225 804 493 886 structionem
522 801 698 886 Ritualis
718 801 909 902 Romani,
917 798 952 881 2)
981 802 1026 883 in
1054 802 1192 910 specie
1219 802 1357 913 legem
1376 800 1428 883 de
1448 801 1714 888 excludendis

226 934 280 1019 ab
310 922 584 1019 ecclesiastica
612 934 834 1044 sepultura,
865 935 937 1042 qui
965 935 1116 1016 mentis
1145 944 1359 1043 compotes
1391 932 1615 1016 deliberata
1638 962 1715 1016 vo·

225 1068 383 1150 luntate
412 1077 588 1150 mortem
617 1064 701 1151 sibi
725 1066 950 1149 violentam
979 1065 1214 1166 intulerunt,
1260 1066 1370 1167 „nisi
1402 1075 1499 1147 ante
1538 1076 1716 1152 mortem

226 1199 413 1309 dederint
453 1200 573 1309 signa
603 1189 919 1308 poenitentiae,“
939 1194 974 1278 3)
1003 1199 1048 1280 in
1083 1180 1327 1280 memoriam
1356 1225 1610 1282 revocamus.
1672 1195 1718 1281 Si

226 1331 408 1442 parocho
448 1330 617 1412 indubie
657 1330 895 1433 constiterit,
933 1328 1134 1413 suicidam
1173 1328 1319 1412 morbo
1355 1327 1564 1414 laborasse
1593 1359 1717 1414 usum

226 1464 394 1546 rationis
423 1461 699 1572 perturbante,
729 1462 940 1572 sepultura
970 1462 1246 1547 ecclesiastica
1259 1461 1401 1544 'modo
1421 1473 1619 1547 consueto
1639 1463 1714 1546 de-

228 1606 314 1700 tur;
346 1595 496 1704 quodsi
524 1601 664 1677 autem
693 1595 899 1704 parochus
923 1594 1121 1705 gravibus
1139 1594 1368 1679 rationibus
1388 1594 1536 1678 ductus
1557 1595 1717 1705 judicio

226 1725 480 1838 medicorum
511 1738 552 1808 et
581 1727 763 1809 civilium
794 1727 1032 1810 officialium
1060 1728 1321 1835 acquiescere
1351 1725 1619 1812 dubitaverit:
1649 1758 1715 1813 res

225 1859 281 1942 ad
310 1857 573 1942 Ordinarium
603 1858 824 1943 deferenda
852 1869 925 1960 est,
961 1868 1004 1941 et
1031 1859 1206 1956 interim,
1246 1860 1490 1941 necessitate
1528 1871 1713 1970 urgente,

163 1989 165 1993 ’
226 2019 375 2102 corpus
414 1991 596 2073 defuncti
635 1991 791 2100 absque
830 1993 910 2073 ritu
950 1990 1225 2074 ecclesiastico
1266 1999 1380 2071 extra
1426 1993 1717 2074 coemeterium

227 2123 430 2205 humetur.
476 2120 621 2205 Stante
651 2122 791 2222 dubio,
821 2151 923 2204 num
953 2121 1111 2205 suicida
1139 2125 1290 2204 mentis
1319 2149 1494 2231 compos
1521 2122 1643 2205 firerit
1662 2151 1718 2206 an

226 2256 380 2364 impos,
421 2255 503 2336 ritu
543 2253 820 2336 ecclesiastico
860 2253 1100 2363 sepeliatur,
1151 2253 1320 2337 seclusis
1365 2264 1506 2335 tamen
1550 2265 1718 2363 propter
1837 2291 1840 2298 ·

226 2386 468 2469 scandalum
497 2384 581 2468 fors
611 2384 832 2467 oriundum
871 2385 1002 2467 solitis
1040 2383 1232 2467 funerum
1271 2384 1612 2469 solemnitatibus.
1674 2385 1719 2470 Si

225 2517 395 2599 tandem
425 2515 597 2601 dubium
628 2528 825 2617 occurrat,
856 2545 957 2598 num
987 2517 1079 2624 quis
1108 2517 1356 2625 semetipse
1383 2516 1632 2601 interfecerit
1649 2518 1718 2600 vel

227 2677 327 2732 casu
357 2648 514 2749 obierit,
554 2648 779 2732 favendum
817 2658 882 2731 est
911 2646 1116 2747 defuncta,
1157 2675 1253 2729 cum
1282 2649 1325 2729 in
1364 2646 1491 2730 dubio
1522 2643 1718 2731 delictum

226 2790 314 2862 tam
342 2809 469 2891 grave
499 2780 551 2863 de
581 2784 745 2864 nemine
774 2780 984 2890 praesumi
1013 2778 1174 2863 debeat.
1324 2837 1331 2853 ,

345 2945 549 3056 Expresse
568 2974 691 3056 porro
711 2973 939 3044 monemus,
970 2974 1023 3027 ne
1050 2945 1105 3027 ad
1125 2944 1377 3054 sepulturam
1399 2945 1718 3029 ecclesiasticam

229 3075 518 3178 admittantur,
563 3079 634 3186 qui
677 3078 721 3158 in
765 3075 924 3177 duella,
964 3075 1031 3158 vel
1070 3078 1141 3185 qui
1178 3077 1260 3160 alio
1308 3086 1479 3186 peccato
1517 3078 1637 3188 gravi
1676 3088 1719 3161 et

230 3209 395 3325 publico
425 3208 582 3319 absque
602 3208 878 3319 poenitentiae
908 3208 1038 3319 signis
1055 3207 1328 3310 decesserunt,
1358 3220 1482 3319 prout
1500 3209 1559 3291 illi
1580 3211 1717 3311 etiam,

233 3324 376 3451 quiin
411 3341 630 3424 manifesto
677 3343 821 3425 mortis
864 3339 1046 3451 periculo
1090 3367 1213 3421 omne
1256 3341 1467 3450 spirituale
1510 3341 1720 3436 Ecclesiae

230 3474 428 3556 auxilium
456 3475 717 3584 pertinaciter
745 3484 789 3556 et
817 3502 958 3555 coram
987 3470 1160 3554 testibus
1195 3483 1435 3556 recusarunt
1463 3482 1506 3555 et
1535 3484 1718 3557 extrema

231 3605 495 3688 morientium
525 3603 791 3688 Sacramenta
819 3614 1072 3714 respuerunt.
1089 3599 1124 3682 4)

344 3768 684 3853 Acatholicorum
720 3773 765 3853 in
794 3770 992 3879 parochia
1020 3768 1308 3852 defimctorum
1342 3769 1486 3853 funera
1514 3769 1720 3878 parochus

230 3903 464 3987 nullatenus
502 3905 628 3987 sacris
667 3904 851 3989 vestibus
879 3902 1048 3986 indutus
1076 3911 1292 4011 tamquam
1319 3903 1504 3987 minister
1533 3903 1720 3986 comitari

153 4087 156 4093 -
229 4047 377 4144 potest.
438 4035 665 4120 Tumulum
694 4036 898 4144 defimotis
927 4035 1193 4136 Acatholicis,
1223 4036 1259 4117 si
1278 4037 1490 4145 proprium
1514 4044 1718 4118 coemete-

228 4168 335 4250 rium
364 4195 450 4249 non
479 4167 643 4269 habent,
674 4169 718 4249 in
747 4169 992 4251 coemeterio
1020 4176 1260 4265 nostratum,
1291 4166 1384 4248 loco
1414 4168 1568 4277 quippe
1596 4194 1717 4276 sepa·

230 4309 330 4399 rato,
361 4300 603 4404 toleramus3
633 4300 825 4382 volumus
845 4310 996 4399 tamen,
1025 4310 1073 4380 ut
1092 4300 1308 4382 occasione
1333 4298 1570 4407 hujusmodi
1599 4298 1718 4382 fune-

230 4434 285 4514 ris
315 4443 404 4514 tum
434 4433 614 4542 parochi,
654 4444 744 4515 tum
773 4432 925 4532 fideles,
974 4430 1175 4541 quidquid
1204 4431 1539 4512 communionem
1577 4431 1621 4512 in
1650 4458 1718 4514 sa·

230 4565 309 4650 cris
328 4563 510 4648 redolere
533 4563 748 4665 videretm,
776 4575 898 4649 caute
924 4562 1141 4647 declinent.
1173 4560 1367 4645 Similiter
1396 4589 1448 4644 ex
1476 4572 1614 4645 mente
1644 4559 1719 4645 Se·

230 4695 295 4781 dis
314 4695 580 4807 Apostolicae
600 4696 807 4797 toleratur,
836 4708 884 4781 ut
911 4697 956 4778 in
983 4694 1182 4806 sepulcris
1211 4693 1436 4805 gentilitiis,
1467 4720 1573 4804 quae
1603 4692 1719 4776 vide·

275 5018 303 5103 ⁸)
326 5004 383 5084 De
398 5021 556 5107 Exequiis
578 5021 728 5106 „Quibus
748 5044 812 5087 non
833 5020 909 5086 licet
929 5021 1012 5084 616ιι
1059 5021 1086 5103 ’)
1107 5021 1181 5086 hoc.
1204 5023 1257 5084 cit
1302 5018 1330 5103 ⁴)
1352 5018 1486 5085 Confer:
1508 5017 1642 5085 Constit
1657 5018 1718 5082 Be·

324 5130 445 5195 nedicti
464 5130 529 5195 PP.
552 5130 644 5196 xlv.
666 5126 941 5214 „Detestabilem“
963 5125 1005 5190 de
1028 5126 1081 5192 dic
1103 5127 1151 5191 13.
1173 5124 1330 5192 Novamb.
1355 5125 1446 5191 1752.
