3960 5956
1671 348 1692 412 9

197 560 332 651 naute,
363 551 435 632 sed
476 551 675 632 charitate
715 553 915 634 serviente
945 551 1117 634 felices·
1155 549 1376 658 Quumque
1411 549 1465 631 ad
1494 551 1692 632 tuendam
1801 525 1837 608 ι’

199 694 239 765 ct
278 683 523 765 servandam
561 687 762 788 imitatem
802 683 898 766 fidei
938 686 1185 792 promissam
1214 683 1268 765 ab
1299 683 1497 766 ordinatis
1534 685 1612 766 sibi
1652 696 1693 765 et

198 815 502 899 successoribus
532 818 616 899 suis
646 819 915 899 reverentiam
946 828 987 930 et
1017 817 1294 898 obedientiam
1333 814 1576 896 canonicam
1615 803 1692 924 pro

196 947 288 1031 Deo
319 961 361 1031 et
390 960 557 1058 propter
587 949 723 1031 Deum
743 950 952 1058 postulare
979 949 1176 1031 debeant:
1208 949 1398 1056 propriae
1418 949 1543 1028 etiam
1564 977 1691 1056 spon-

61 1072 70 1079 ”
198 1083 326 1164 sionis
366 1111 464 1164 suae
503 1110 588 1164 non
628 1059 910 1165 immemores:
956 1082 1110 1182 ,Beato
1151 1082 1272 1161 Petro
1312 1080 1529 1196 Apostolo,
1571 1084 1637 1162 cui
1666 1111 1692 1164 a

196 1214 289 1297 Deo
328 1215 432 1297 data¹
465 1227 527 1297 est
565 1226 747 1324 potestas
787 1215 945 1324 ligandi
985 1225 1027 1295 et
1066 1191 1263 1312 solvendi,
1304 1215 1474 1321 ejusque
1513 1213 1690 1314 Vicario,

198 1347 390 1431 Pontifici
421 1347 612 1431 Romano
643 1378 719 1458 pro
747 1360 932 1457 tempore
958 1348 1158 1443 existenti,
1189 1348 1358 1454 ejusque
1388 1349 1691 1431 successoribus
1837 1355 1850 1458 J
1927 1358 1930 1362 ’

196 1479 333 1580 fidem,
365 1483 662 1589 subjectionem
693 1492 734 1564 et
764 1481 1041 1564 obedientiam
1063 1480 1289 1561 secrmdum
1320 1482 1564 1562 canonicam
1591 1511 1691 1564 aue·

196 1615 403 1696 toritatem
411 1609 490 1694 “16)
531 1641 604 1722 per
643 1617 784 1696 omnia
822 1614 1070 1723 paratissimi
1110 1612 1373 1712 exhibebunt,
1414 1625 1459 1695 ut
1488 1643 1570 1723 pax
1599 1614 1690 1698 Do-

195 1747 297 1827 mini
329 1748 382 1827 sit
411 1774 573 1854 semper
602 1776 696 1829 curn
728 1750 797 1828 cis.
858 1746 971 1828 Hinc
1000 1774 1086 1826 non
1121 1756 1283 1826 tantum
1323 1748 1464 1833 omnia
1503 1748 1557 1829 ad
1596 1777 1690 1857 per-
1827 1736 1854 1859 ἰ

195 1905 318 1979 sonas
349 1890 390 1959 et
419 1908 482 1960 res
513 1881 808 1961 ecclesiasticas
839 1880 1084 1987 pertinentia
1111 1879 1336 1959 secundum
1358 1879 1568 1961 Ecclesiae
1589 1881 1690 1962 doc·

195 2013 346 2093 trinam
375 2023 416 2092 et
445 2012 707 2121 disciplinam
737 2041 763 2100 a
793 2011 899 2094 Sede
929 2010 1173 2119 Apostoliea
1202 2011 1475 2119 adprobatam
1513 2011 1692 2123 dirigent

195 2154 235 2224 et
264 2144 621 2241 administrabunt,
662 2145 733 2227 scd
764 2155 804 2225 ct
843 2142 1130 2251 providebunt,
1168 2154 1214 2223 ut
1245 2141 1571 2227 Constitutiones
1600 2146 1689 2230 Ro-

194 2279 308 2358 mani
338 2278 549 2359 Pontificis
580 2290 621 2358 et
650 2277 827 2359 Decreta
856 2305 882 2356 a
902 2274 1037 2358 Sacris
1058 2273 1463 2384 Congregationibus
1484 2305 1556 2359 seu
1580 2279 1690 2371 edita

194 2434 266 2490 seu
296 2408 456 2490 edenda
471 2401 656 2532 *Clericis
686 2411 946 2490 innotescant
966 2419 1007 2490 et
1035 2411 1078 2489 in
1109 2409 1281 2517 singulis
1311 2410 1433 2517 hujus
1453 2412 1690 2518 provinciae

195 2541 393 2640 ecclesiis,
430 2554 553 2650 prout
589 2542 764 2625 Sanctae
801 2540 899 2622 Sedi
929 2541 1138 2648 placuerit,
1169 2543 1399 2623 executioni
1430 2543 1686 2642 mandentur.
1821 2539 1823 2543 ’

199 2673 452 2782 „Sequentes
493 2677 603 2756 enim
644 2678 686 2755 in
727 2675 920 2756 omnibus
961 2672 1115 2756 Sedem·
1150 2672 1436 2781 Apostolicam
1477 2687 1518 2756 et
1548 2676 1688 2759 obser-

193 2818 337 2888 vantes
377 2810 464 2915 ejus
504 2809 644 2888 omnia
661 2837 663 2840 ’
681 2809 903 2888 constituta
931 2833 1165 2913 speramus,
1206 2817 1251 2886 ut
1290 2808 1333 2887 in
1372 2835 1456 2889 una
1496 2810 1686 2889 omnium

195 2941 498 3037 communione,
530 2967 655 3048 quam
677 2937 1067 3048 ApostolicaSedes
1088 2939 1308 3047 praedicat,
1337 2969 1425 3022 esse
1445 2960 1684 3042 mereamur,

194 3073 237 3151 in
268 3083 442 3181 quaest
472 3075 631 3182 integra
661 3083 701 3151 et
730 3100 826 3152 vera
857 3071 1101 3185 christianae
1128 3070 1337 3180 religionis
1378 3072 1573 3154 soliditas.
1598 3082 1617 3119 ‘⁶
1633 3071 1686 3154 17)

312 3245 349 3324 3.
382 3244 439 3325 Ut
459 3257 595 3324 autem
627 3246 790 3352 pietatis
822 3255 862 3324 et
875 3246 999 3338 ,vivae
1030 3247 1345 3340 communionis,
1376 3273 1459 3353 qua
1488 3245 1687 3355 Episcopi
1818 3317 1822 3324 .

193 3405 401 3458 unacum
431 3379 622 3458 tmiverso
654 3406 729 3458 suo
760 3374 882 3460 Olero
914 3387 954 3456 et
982 3378 1179 3486 gregibus
1209 3377 1287 3459 sibi
1318 3378 1563 3459 concreditis
1603 3376 1686 3462 Ca-

192 3510 359 3593 thedrae
389 3510 498 3592 Petri
522 3513 765 3620 junguntur,
797 3510 1009 3626 publicum
1041 3539 1205 3619 quoque
1231 3511 1530 3591 documentum
1566 3539 1686 3619 prae-
1819 3613 1823 3619 ι

192 3654 366 3725 stemus:
399 3644 626 3743 statuimus,
657 3654 703 3723 ut
729 3653 958 3723 recurrente
978 3641 1271 3724 Anniversario
1293 3641 1502 3724 electionis
1524 3640 1685 3725 Summi

192 3774 403 3856 Pontificis
435 3777 476 3856 in
507 3775 680 3885 singulis
715 3775 837 3883 hujus
877 3775 1113 3883 provinciae
1154 3774 1334 3856 ecclesiis
1354 3765 1684 3876 cathedralibus,

193 3907 422 4016 collegiatis
462 3922 502 3987 et
542 3907 893 4006 conventuahbus,
924 3935 1001 3988 nec
1041 3935 1125 3987 non
1156 3918 1358 4016 quanttun
1397 3907 1483 3989 fieri
1503 3969 1504 3972 κ
1523 3910 1683 4017 poterit,

192 4041 315 4121 etiam
346 4041 389 4120 in
419 4038 724 4147 parochialibus
755 4037 927 4121 Sacrum
958 4035 1141 4121 solemne
1177 4068 1272 4121 cum
1308 4041 1466 4148 hyumo
1503 4038 1684 4122 Ambro-

192 4172 308 4252 siano
340 4172 584 4275 celebretur,
616 4173 783 4281 insuper
812 4171 1070 4269 mandamus,
1101 4183 1147 4252 ut
1176 4173 1346 4280 parochi
1376 4185 1417 4255 et
1456 4175 1679 4255 conciona-

190 4316 299 4384 tores
321 4302 493 4385 Sacrum
511 4305 793 4414 peragendum
814 4304 971 4413 populo
991 4302 1102 4385 fideli
1123 4307 1415 4405 annuntiaturi,
1442 4305 1543 4402 ¹data
1563 4334 1682 4414 prae-

191 4437 330 4517 sertim
370 4436 449 4516 hac
488 4437 705 4517 occasione
744 4436 885 4517 fideles
925 4437 978 4517 ad
1019 4440 1288 4519 reverentiam
1324 4449 1364 4519 et
1404 4438 1681 4520 obedientiam

191 4565 288 4650 Sedi
317 4567 532 4650 Romanae
563 4568 756 4676 debitam,
788 4567 911 4650 etad
940 4568 1150 4650 faciendas
1180 4599 1255 4678 pro
1286 4570 1530 4651 Beatissimo
1561 4571 1682 4651 Patre

189 4702 280 4808 pias
309 4728 450 4808 preces
480 4703 657 4783 excitare
687 4729 773 4783 non
802 4703 1084 4783 intermittant.

191 4976 386 4990 ..ῃ-ιιι·-

238 5070 277 5155 ¹')
299 5070 390 5136 Pont.
411 5069 503 5134 Rom.
525 5068 566 5133 dc
588 5067 747 5135 (lonseer.¹
760 5068 871 5156 Episc.

159 5238 173 5265 ,
236 5177 274 5262 ¹⁷)
297 5177 394 5242 (lonc.
416 5176 583 5242 Constant.
604 5178 662 5245 IV.
684 5180 758 5245 Act,
781 5179 830 5243 18,
