3960 5956
1662 361 1700 424 31

203 565 404 650 fundioris
441 566 635 648 scientiae
673 565 852 665 thesauri
892 576 1045 654 statuto
1086 565 1350 674 quadriennii·
1383 564 1559 647 termino
1592 562 1700 644 indi-

184 701 288 782 cari
317 686 466 808 potius,
498 726 624 807 qnam
643 681 873 806 *copiosius
892 697 1045 780 hauriri
1076 710 1249 806 queant:
1286 698 1487 779 volumus·
1519 695 1697 804 quidem,

203 844 249 914 ut
276 832 512 941 theologiae
541 831 728 939 magistri
758 830 1011 912 reconditam
1053 832 1095 911 in
1136 829 1322 914 Ecclesia
1361 830 1525 911 divinae
1566 828 1699 908 scien·
1781 847 1783 850 ‘

202 966 284 1046 tiae
314 951 613 1046 abundantiam
642 962 844 1044 tironibus
875 963 1059 1071 qualibet
1088 965 1306 1045 occasione
1346 974 1575 1044 monstrare
1614 989 1701 1041 non

204 1099 407 1195 omittant,
438 1106 620 1179 attamen
652 1095 776 1191 salva¹
796 1122 958 1203 semper
987 1096 1243 1177 institutione
1273 1096 1475 1203 explicita,
1514 1122 1596 1202 qua
1628 1095 1700 1201 ju-

119 1308 121 1312 .
204 1258 329 1313 venes
359 1219 586 1337 disciplinis
621 1229 877 1337 theologicis,
918 1228 972 1310 ad
1012 1209 1206 1310 obeunda
1244 1229 1386 1308 munia
1425 1226 1701 1308 ecclesiastica

206 1365 311 1445 scitu
350 1362 606 1459 necessariis,
646 1362 952 1449 accuratissime
997 1360 1247 1441 excolantur.
1310 1361 1471 1440 Bonam
1511 1360 1622 1440 enim
1661 1368 1702 1439 et
1769 1343 1771 1347 Α

205 1496 432 1578 confertam
462 1494 618 1576 solidae
648 1505 689 1575 et
718 1494 971 1608 necessariae
1002 1493 1213 1575 doctrinae
1233 1520 1469 1595 mensuram
1489 1493 1703 1589 habentes,

204 1639 246 1711 et
274 1656 418 1709 sanam
450 1626 727 1735 profundioris
757 1627 950 1710 scientiae
980 1625 1321 1735 praelibationem
1351 1627 1518 1734 experti,
1549 1627 1583 1707 si
1613 1635 1701 1716 stu·

204 1760 274 1842 dio
305 1760 543 1875 divinorum·
571 1759 801 1843 sublimiori
830 1762 937 1842 vires
967 1788 1207 1842 consecrare
1237 1790 1312 1868 pro
1331 1761 1502 1868 potiore
1532 1759 1700 1868 ingenio

204 1891 545 1975 desideraverint:
577 1891 775 2001 Episcopi
784 1892 978 2001 ,alioquin
1000 1893 1215 1990 curabrmt,
1246 1904 1291 1974 ut
1312 1891 1474 1976 Clerici.
1490 1892 1593 1973 tales
1614 1893 1700 1972 exi-

203 2011 297 2107 niiis
328 2025 493 2107 dotibus
524 2025 710 2133 praediti
737 2037 777 2107 ct
815 2027 1107 2136 magistrorum
1148 2027 1383 2108 testimonio
1424 2024 1702 2107 commendati

204 2153 615 2267 exactoris-quoque
645 2159 884 2240 eruditionis
914 2189 1053 2241 sacrae
1097 2162 1261 2268 copiam
1290 2161 1500 2269 acquirere
1529 2159 1699 2267 possint.

320 2290 460 2391 Quum
489 2291 585 2373 non>
605 2320 699 2373 raro
728 2304 909 2374 ceterum
948 2295 1120 2390 eveniat,
1161 2304 1207 2375 ut
1245 2293 1310 2375 vel
1333 2294 1520 2400 juniores
1551 2289 1742 2373 Clerici.

131 2424 133 2427 ’
205 2425 433 2533 impetratis
471 2423 525 2506 ab
567 2424 792 2533 Episcopo.
824 2426 951 2507 literis
1001 2426 1240 2507 dimissoriis
1280 2426 1334 2511 ad
1375 2423 1701 2508 continuandum

204 2557 437 2639 tirocinium
467 2556 748 2667 theologicum
779 2560 821 2639 in
847 2559 955 2640 'alins
993 2558 1191 2671 dioecesis
1231 2559 1494 2640 seminarium
1530 2557 1703 2665 suscipi-

204 2700 339 2788 antur,
368 2688 434 2770 vel
458 2689 532 2770 vin'
556 2689 818 2772 ecclesiastici
839 2692 1099 2799 potissimum
1116 2723 1140 2771 a
1164 2692 1350 2773 Patronis
1371 2690 1618 2799 praesentati
1648 2687 1702 2770 ad
1777 2718 1780 2724 ·
1845 2768 1849 2776 .

206 2823 372 2904 alterius
402 2821 600 2903 dioecesis
632 2822 884 2918 Beneficium
925 2837 1266 2932 promoveantur:
1309 2825 1430 2906 valde
1471 2823 1702 2932 optandum

205 2966 276 3053 est,
309 2965 354 3035 ut
383 2983 527 3038 ornnes
541 2955 679 3063 ‚hujus
709 2959 945 3065 provinciae
976 2956 1124 3040 Clerici
1156 2961 1244 3067 pari
1281 2960 1407 3041 modo
1438 2945 1479 3040 et
1504 2956 1702 3052 methodo

205 3088 430 3170 educentur
468 3099 510 3169 et
545 3090 842 3207 instituantun
881 3091 1184 3200 Episcoporum
1222 3094 1367 3201 itaque
1407 3093 1503 3189 crit,
1520 3097 1523 3101 ’
1542 3090 1702 3173 collatis

205 3221 450 3330 quanmcius
480 3250 700 3331 procurare
730 3225 920 3324 consiliis,
952 3237 998 3307 ut
1018 3238 1106 3308 tota
1126 3223 1436 3336 dirigendoiurn
1466 3224 1702 3334 provinciae

206 3355 328 3469 hujus
349 3356 672 3456 seculariorum,
693 3387 769 3439 nee
790 3387 874 3439 non
901 3359 1140 3441 instituendi
1161 3359 1283 3441 studii
1304 3343 1526 3468 theologici
1557 3385 1703 3438 norma

205 3498 247 3569 et
275 3487 501 3601 dispositio,
543 3501 744 3596 quantum
774 3492 1000 3601 peculiares
1029 3492 1110 3573 loci
1140 3482 1469 3574 circumstantiae
1499 3519 1584 3571 non
1623 3491 1701 3570 im-

205 3601 416 3729 pedierint,
447 3621 593 3704 iisdem
623 3622 949 3740 ordinationibus
979 3596 1187 3706 innitatur:

767 3909 769 3915 ’
814 3938 1006 4022 cneus
1036 3939 1089 4021 x.

363 4156 434 4237 De
464 4157 767 4270 clericorum,
789 4160 839 4239 in
869 4160 1135 4240 seminariis
1175 4157 1570 4241 moderatoribus·

572 4402 573 4406 Ν
647 4296 694 4373 et
725 4290 990 4417 theologiae
1020 4291 1274 4410 magistris.

264 4548 267 4553 ·
322 4516 367 4598 Si
397 4517 627 4621 ,animanmr
660 4513 844 4627 pastores
875 4549 1017 4602 severo
1049 4520 1308 4628 exagitantur
1330 4515 1490 4624 judicio
1531 4512 1581 4594 de
1622 4527 1714 4618 po-.

205 4649 304 4759 pulo
335 4649 414 4733 sibi
444 4652 691 4749 concredito,
715 4656 839 4763 ,cujus
869 4655 1113 4765 sanguinem
1144 4651 1318 4734 exitialis
1349 4649 1429 4730 diei
1468 4645 1607 4726 ‹ludex
1646 4642 1700 4723 ab

206 4784 391 4893 ipsorum
420 4784 612 4868 manibus
642 4777 838 4895 requiret:
871 4817 993 4871 nemo
1023 4816 1108 4889 non
1130 4775 1333 4892 intelligit,
1365 4789 1519 4888 quanto
1547 4804 1701 4886 pavore

207 4926 465 5008 coarctentur
504 4916 613 5001 Cleri
660 4919 785 5003 duces
814 4930 855 5003 et
884 4921 1071 5029 magistri
1101 4919 1166 5020 vel
1197 4917 1339 5021 leviter
1369 4914 1609 5021 cogitantes,
1647 4909 1702 4991 ab

205 5079 349 5133 eorum
378 5050 569 5132 manibus
600 5055 845 5163 sauguinem
876 5064 920 5136 et
945 5054 1085 5134 ovium
1124 5063 1163 5131 et
1204 5059 1418 5157 pastorum
1458 5047 1595 5124 tlnsan
1636 5072 1698 5125 re-

204 5183 440 5297 petendum.
1435 5206 1437 5210 ’
1725 5177 1729 5188 ’
