3960 5956
83 218 85 227 Ι
232 271 293 335 100

195 481 198 499 “
232 475 334 556 tium
365 461 502 553 salutiw
526 471 596 579 pio
636 469 726 551 zelo
762 470 1058 580 prospicientes
1099 469 1239 583 omnia
1276 478 1317 549 et
1346 466 1511 578 singula
1540 467 1722 578 pruden-
1766 527 1771 534 »

231 606 388 687 tissime
418 602 651 711 disponant,
692 629 798 710 quae
834 601 1157 712 adaugendum
1195 601 1397 683 honorem
1437 600 1539 684 locis
1570 602 1722 684 sanetis

233 739 419 821 debitum
448 747 490 818 et
518 735 572 817 ad
602 735 785 817 fidelium
806 735 1134 818 aedificationem
1165 733 1348 816 conferre
1378 734 1422 815 in
1442 732 1627 816 Domino
1650 734 1723 842 ju-

233 870 470 953 dicaverint.
530 867 744 977 Quidquid
782 870 1114 979 superstitionem
1144 866 1311 967 redolet,
1329 912 1336 919 ·
1352 875 1472 948 caute
1501 865 1724 975 abrogent3

234 1002 437 1113 quidquid
475 1003 604 1110 turpis
644 1013 839 1110 quaestus
879 1003 1155 1113 suspicionem
1194 1028 1361 1082 movere
1396 1001 1537 1108 possit,
1578 999 1722 1082 sedulo

234 1136 467 1239 eliminent3
499 1164 552 1216 ne
581 1136 849 1244 probatorum
881 1135 986 1218 desit
1015 1135 1137 1243 copia
1166 1132 1520 1233 confessariorum,
1536 1133 1759 1215 ‘sollicito‘

76 1365 81 1374 Ι
194 1302 199 1307 ·
234 1259 393 1370 ferqore
422 1266 677 1377 provideant.

337 1401 517 1497 ¹Fideles
546 1415 715 1497 tandem
750 1415 806 1497 ad
843 1415 937 1496 loca
966 1425 1110 1497 sancta
1138 1413 1394 1524 profectruos
1424 1425 1596 1525 paterne
1632 1443 1725 1496 mo·

235 1578 392 1648 nemus,
423 1558 470 1629 ut
500 1549 579 1629 hac
607 1549 699 1655 ipsa
729 1550 944 1631 occasione
974 1547 1124 1659 dignos
1153 1548 1286 1630 facere
1316 1547 1474 1630 fluctus
1508 1547 1725 1658 poeniten·

151 1755 156 1762 ,
238 1684 320 1764 tiae
349 1680 612 1779 contendant,
632 1691 684 1762 ‘et
713 1681 864 1763 devota
879 1681 1244 1777 Sacramentorum
1269 1679 1530 1796 susceptione
1559 1679 1724 1762 eonfor-

236 1815 312 1897 tati
335 1815 492 1924 jugiter
528 1813 582 1921 ad
616 1813 754 1896 Deum
783 1814 1034 1924 peregrinari
1062 1823 1305 1896 mereantur.
1366 1812 1619 1921 Hujusmodi
1660 1840 1728 1894 sa-

236 1946 377 2029 lutaris
406 1948 562 2028 fluctus
592 1957 633 2028 et
661 1975 878 2028 munerum
909 1947 1147 2028 caelestium
1176 1946 1328 2056 pignus
1358 1923 1632 2028 eertidsimum
1660 1975 1726 2028 re-

237 2079 410 2163 deuntes
440 2076 646 2189 accipiant
669 2080 1007 2166 Benedictionem
1037 2109 1088 2161 ex
1107 2079 1317 2162 Ecclesiae
1336 2080 1589 2188 praescripto
1609 2107 1728 2187 pere-

237 2213 366 2323 grinis
397 2223 493 2322 post
521 2213 698 2295 reditum
727 2212 1054 2323 impertiendam.
1072 2208 1106 2292 2)
1386 2206 1392 2216 ’
1469 2207 1473 2210 ’

836 2524 1027 2609 CAPUT
1056 2524 1131 2607 lX.

649 2748 720 2826 De
749 2747 781 2828 J
782 2744 951 2846 ejunus
981 2746 1321 2829 ecelesiasticis.

356 2973 454 3056 Non
483 2973 559 3054 erit
587 2999 745 3080 aequus
784 3001 921 3054 rerum
949 2973 1197 3074 aestimator,
1238 2975 1310 3084 qui
1350 2975 1547 3085 ambigat,
1578 2974 1730 3076 fideles,

241 3108 341 3190 dum
370 3136 421 3189 ex
450 3116 670 3217 praecepto
692 3104 901 3188 Ecclesiae
913 3106 1115 3214 jejunant,
1146 3136 1252 3216 opus
1272 3108 1429 3191 bonum
1450 3108 1612 3218 operari
1641 3107 1732 3216 ipsa

240 3243 355 3353 Lege
385 3241 605 3350 antiquius,
647 3249 816 3321 naturae
847 3239 1053 3321 humanae
1092 3269 1165 3349 per
1201 3240 1320 3322 Adae
1349 3251 1567 3349 peccatum
1596 3242 1731 3323 sauci-

241 3387 334 3458 atae
374 3374 554 3455 maxime
594 3369 979 3473 consentaneum,1)
1004 3383 1061 3454 -et
1098 3373 1191 3455 Deo
1232 3374 1441 3456 miseranti
1479 3383 1730 3484 pergratum,

242 3511 396 3619 quippe
436 3507 508 3616 qui
537 3505 741 3615 corporali
762 3506 923 3616 jejunio
963 3506 1063 3588 vitia
1093 3507 1339 3616 comprimit,
1375 3514 1558 3588 mentem
1588 3505 1731 3606 elevat,

241 3643 435 3725 virtutem
454 3639 627 3749 largitur
647 3619 689 3718 et
707 3639 891 3746 praemia
909 3667 983 3747 per
1001 3636 1213 3721 Olnistum
1233 3638 1462 3720 Dominum
1482 3648 1681 3721 nostrum
1698 3635 1732 3719 2)

243 3773 355 3856 Hinc
374 3772 612 3882 religiosum
635 3771 783 3881 jejunii
803 3771 1041 3852 exercitium
1071 3800 1148 3853 nee
1173 3771 1274 3880 ipsis
1293 3771 1486 3882 gentibus
1514 3770 1592 3852 fuit
1611 3772 1733 3882 igno-

248 3917 349 4007 tum,
383 3905 478 3986 filiis
508 3913 647 3984 autern
690 3901 884 3985 Abrahae
923 3931 974 3984 ex
1013 3904 1269 3985 institutione
1308 3903 1460 4004 divina,
1500 3923 1542 3986 et
1581 3902 1735 3999 Christi

243 4039 434 4122 fidelibus
463 4066 514 4119 ex
534 4035 826 4145 augustissimo
848 4034 1072 4117 Salvatoris
1093 4038 1283 4146 exemplo
1314 4049 1354 4119 et
1383 4036 1581 4119 mandato
1612 4066 1734 4120 num·

224 4184 373 4284 'quam
403 4200 488 4253 non
519 4168 707 4269 solitum,
737 4171 822 4250 imo
852 4170 945 4277 piae
975 4170 1196 4253 humilitati
1224 4172 1515 4282 gratissimum.

120 4424 123 4431 Ι
362 4322 564 4404 Dolemus
584 4330 810 4428 propterea,
841 4348 927 4402 non
946 4348 1102 4429 paucos
1131 4321 1244 4404 hisce
1265 4322 1410 4404 diebus
1439 4321 1615 4404 inveniri
1643 4331 1734 4403 tum

122 4490 126 4498 ¹
248 4438 420 4558 ,Crucis
440 4453 594 4538 Christi
613 4453 814 4552 inimicos,
845 4481 1023 4560 quorum
1043 4454 1157 4536 Deus
1186 4466 1328 4537 venter
1357 4464 1429 4555 est,
1460 4464 1502 4536 et
1530 4454 1664 4564 gloria
1692 4455 1736 4536 in

246 4590 487 4673 confusione
515 4587 737 4696 ipsorum,“
757 4572 793 4666 3)
822 4597 913 4667 tum
931 4586 1063 4694 ipsius
1092 4587 1302 4670 Ecclesiae
1330 4586 1449 4686 filios,
1480 4585 1735 4694 professione

245 4733 384 4806 tamen
430 4721 633 4804 catholica
671 4719 785 4802 haud
824 4719 985 4830 dignos,
1026 4722 1096 4828 qui
1135 4720 1301 4803 nonnisi
1339 4728 1501 4801 terrena
1530 4718 1750 4836 sapientes⁴

288 4985 316 5069 ²)
338 4985 401 5049 Rit
423 4984 514 5047 Rom.
538 4983 660 5047 Bened.
681 5003 807 5068 peregr.
824 4990 896 5066 post
910 4981 1059 5045 reditum.
1137 4935 1142 4942 Ι

296 5093 317 5177 ¹)
340 5092 371 5157 S.
385 5091 484 5159 Basil.
498 5091 616 5156 Homil.
632 5093 658 5156 l.
672 5091 712 5156 de
722 5091 786 5176 Jej.
801 5112 885 5154 num.
897 5090 927 5153 3.
942 5099 974 5154 et
988 5089 1018 5153 4.
1043 5088 1069 5173 2)
1088 5088 1226 5154 Praefat.
1243 5087 1410 5173 Quadrag.
1429 5087 1455 5173 3)
1467 5086 1550 5152 Phil.
1561 5087 1591 5152 3.
1606 5085 1738 5152 18-19.
