3960 5956
1661 316 1699 408 1⁷·

321 539 582 622 Meminerint
612 569 766 638 omnes,
798 565 1060 646 quocumque
1090 537 1209 618 titulo
1240 538 1311 636 ad
1323 543 1580 650 peragendas
1617 545 1696 627 ho·
1745 519 1749 527 ⁶

203 701 268 752 ras
298 674 530 753 canonicas·
548 657 773 768 teneantur,
805 670 918 778 quod
949 697 1090 749 earum
1119 671 1342 776 persolutio
1374 700 1396 751 e
1436 687 1573 756 mente
1613 678 1695 760 Ec-

203 804 350 885 clesiae
381 833 466 886 non
497 806 688 912 exiguam
720 806 853 886 cultus
883 803 1024 900 divini,
1056 812 1096 881 et
1125 804 1169 882 in
1198 804 1432 910 pastoribus
1463 804 1586 890 curae*
1604 808 1719 892 ani-⁸

202 947 364 1017 uiarum
394 963 559 1044 quoque
589 931 748 1044 partem
779 937 1012 1021 constituat.
1040 986 1044 993 .
1090 916 1093 923 ⁵

318 1083 451 1166 Nocte
481 1098 693 1195 surgentes
723 1089 848 1196 igitur
877 1086 1096 1194 vigilemus
1127 1112 1281 1181 onmes,
1313 1114 1473 1194 semper
1502 1090 1545 1168 in
1583 1090 1696 1197 psal-

137 1214 139 1218 ’
203 1219 281 1326 mis
311 1218 567 1316 meditemur,
598 1229 721 1326 atque
751 1248 861 1332 voce·
885 1218 1080 1300 concordi
1101 1216 1284 1298 Domino
1307 1247 1503 1301 canamus
1524 1221 1697 1304 dulciter

203 1350 395 1457 hymnos.
455 1350 511 1432 Et
540 1353 673 1433 noctis
703 1381 798 1432 cum
828 1362 1019 1445 tenuatur
1054 1350 1220 1448 umbra,
1261 1350 1412 1459 luxque
1452 1355 1486 1433 si
1526 1350 1712 1437 rutilans

204 1493 403 1580 consess,
434 1483 640 1591 supplices
671 1512 805 1565 rerum
836 1485 1065 1565 Dominmn
1096 1510 1247 1563 canora
1286 1511 1388 1564 voce
1418 1512 1643 1591 precemur.
1662 1483 1696 1566 8)

203 1613 272 1697 Sic
302 1617 489 1696 omnium
519 1618 562 1696 in
592 1617 671 1698 hac
701 1618 923 1725 provincia,
944 1608 1207 1724 psallentimn
1247 1614 1337 1696 laus
1377 1618 1429 1696 sit
1468 1618 1603 1725 plena,
1633 1621 1697 1701 sit

197 1747 394 1856 jucunda,
427 1749 480 1830 sit
501 1749 658 1842 decora
687 1750 837 1830 mentis
859 1748 1092 1857 jubilatio

319 1897 506 1979 Proderit
535 1899 770 2006 plurimum,
801 1899 873 1979 ubi
893 1898 1036 1979 fratres
1056 1895 1245 1986 habitant
1270 1899 1313 1976 in
1335 1926 1474 2000 mrum,
1510 1903 1544 1982 si
1565 1928 1698 2008 quan·
1772 1876 1773 1881 Ν

203 2040 293 2110 tum
322 2030 410 2111 lieri
429 2033 589 2137 poterit,
621 2029 769 2112 sociati
797 2031 937 2111 divino
959 2014 1108 2111 Officio
1130 2032 1375 2111 vacaverint.
1438 2030 1519 2131 Qui
1540 2035 1698 2115 socium

204 2190 289 2242 non
328 2161 538 2261 habuerit,
578 2163 705 2244 vadat
743 2163 797 2243 ad
837 2162 956 2261 Eum,
994 2163 1109 2270 cujus
1140 2163 1231 2269 ipsa
1260 2164 1625 2272 mira'praesentia
1655 2168 1713 2266 in·

202 2295 461 2376 sanctissimo
502 2295 784 2377 Eucharistiae
814 2296 1024 2402 mysterio
1050 2322 1126 2375 nos
1167 2323 1282 2375 orare
1323 2294 1454 2397 docet,
1496 2300 1732 2406 cujusque·

201 2415 393 2535 precibus
423 2439 583 2510 nostras
605 2431 784 2539 jungere
814 2440 854 2508 et
884 2427 1174 2508 commendare
1205 2427 1423 2510 discamus.
1539 2452 1541 2457 ·

325 2628 362 2706 3.
395 2625 503 2710 Cum
534 2639 692 2708 tantam
714 2626 884 2710 Clericis
905 2637 945 2707 et
964 2628 1101 2734 ipsum
1122 2627 1226 2707 sacri
1247 2629 1427 2708 muneris
1448 2629 1698 2730 exercitium,
1805 2601 1835 2738 J

207 2768 247 2839 et
301 2758 430 2840 divini
480 2761 741 2867 potissimum
791 2759 927 2842 Officii
977 2759 1200 2866 persolutio
1249 2757 1476 2842 meditandi
1532 2790 1699 2843 causam

205 2903 245 2971 et
275 2893 488 2973 materiam
519 2893 732 2999 praebeat:
765 2921 850 2972 non
880 2918 1099 2999 possumus
1136 2918 1221 2990 non
1252 2919 1395 2972 omnes
1435 2904 1475 2974 et
1515 2894 1701 3003 singulos

205 3025 505 3132 impensissime
535 3054 712 3116 monere,
743 3037 790 3106 ut
819 3024 1001 3105 studiose
1032 3023 1216 3130 quotidie
1247 3026 1350 3104 sacri
1388 3026 1540 3134 eloquii
1581 3056 1701 3134 prae-

208 3168 328 3263 cepta
357 3142 602 3238 meditantes
632 3157 793 3238 discant
822 3185 937 3238 orare
972 3156 1140 3263 ,spiritu
1172 3167 1211 3236 et
1241 3155 1456 3237 mente.“9
1486 3208 1541 3217 —-
1562 3158 1702 3257 ,lstud

206 3316 283 3387 me,
313 3291 448 3397 inquit
477 3290 714 3371 Ludovicus
745 3288 1023 3385 Granatensis,
1054 3288 1108 3368 ad
1145 3289 1404 3370 tractandum
1440 3290 1491 3370 de
1527 3290 1702 3371 medita-

206 3422 318 3503 tione
348 3434 639 3531 a1gumentum
669 3423 843 3530 impulit,
875 3421 987 3530 quod
1017 3423 1214 3514 noverim,
1245 3449 1371 3501 unam
1409 3452 1431 3501 e
1471 3423 1703 3530 praecipuis

206 3553 409 3635 malorum
439 3556 574 3636 causis
603 3581 692 3636 esse
722 3554 926 3636 defectum
953 3539 1324 3661 contemplationis,
1355 3565 1478 3661 prout
1499 3554 1702 3660 Jeremias
1758 3611 1760 3614 ι

207 3685 403 3794 deplorat,
446 3687 607 3769 dicens:
649 3674 916 3769 Desolatione
956 3686 1141 3767 desolata
1180 3697 1242 3766 est
1280 3698 1396 3784 terra,
1438 3688 1536 3794 quia
1567 3687 1703 3767 nullus

207 3828 278 3918 est,
300 3821 371 3927 qui
391 3821 591 3929 recogitet
611 3820 772 3901 cordat
795 3815 847 3898 10)
880 3818 1019 3917 Quum
1041 3819 1234 3899 omnibus
1251 3821 1375 3900 etiam
1392 3819 1507 3900 laicis
1528 3819 1703 3899 medita·
1810 3926 1813 3931 .

206 3952 330 4064 tionis
360 3955 596 4034 exercitatio
627 3965 840 4060 tantopere
871 3954 924 4032 sit
953 3951 1209 4037 inculcanda.
1242 3980 1301 4042 eo,
1344 3952 1456 4059 quod
1497 3954 1584 4031 sine
1623 3950 1702 4031 hac

207 4085 402 4190 mysteria
431 4085 527 4166 fidei
557 4086 680 4173 corde
711 4096 859 4180 tenere,
887 4095 936 4166 ‚ut
966 4083 1127 4178 debent,
1159 4085 1228 4164 vix
1259 4086 1439 4191 possint:
1470 4079 1586 4165 tanto
1613 4112 1704 4163 ma-

212 4217 277 4325 gis
316 4217 500 4324 profecto
541 4221 633 4326 piae
684 4219 962 4300 meditationis
1011 4219 1224 4325 negotium
1274 4218 1371 4298 viris
1421 4216 1704 4297 ecclesiasticis

215 4352 426 4460 proprium
458 4353 510 4432 sit
540 4366 712 4461 oportet,
744 4331 898 4460 quanto
929 4352 1061 4457 major
1090 4352 1133 4430 in
1163 4351 1263 4457 ipsis
1283 4361 1324 4431 et
1343 4377 1549 4430 sacramm
1570 4370 1729 4429 rerum³

208 4482 392 4592 cognitio
422 4496 463 4563 et
492 4485 601 4564 vitae
631 4485 853 4592 spiritualis
884 4482 1079 4590 perfectio
1100 4483 1326 4587 requiritur.
1393 4481 1588 4587 „Absque
1615 4509 1703 4561 me-

208 4614 419 4697 ditationis
450 4619 641 4698 exercitio
672 4619 783 4698 enim
814 4617 961 4707 nullus,
993 4616 1152 4696 secluso
1184 4614 1262 4694 Dei
1293 4613 1491 4694 miraculo
1523 4611 1703 4721 speciali,

208 4748 263 4828 ad
294 4750 563 4865 rectissimam
594 4751 840 4832 christianae
871 4749 1080 4857 religionis
1111 4776 1301 4827 nonnam
1330 4747 1508 4852 attingit.
1571 4745 1704 4826 Medi-

256 5062 281 5143 ⁸)
310 5061 430 5144 Hymn.
458 5060 552 5124 Dom.
586 5060 628 5123 ad
652 5059 729 5124 Mat.
752 5070 785 5123 et
807 5059 907 5124 Laud.
955 5062 979 5143 ⁹)
1005 5061 1019 5122 1
1045 5058 1116 5122 Cor.
1142 5059 1189 5121 14.
1215 5058 1262 5121 15.
1321 5057 1357 5141 ¹⁰)
1380 5057 1417 5157 ln
1440 5079 1578 5142 prooem.
1612 5066 1703 5120 tract.

212 5168 252 5233 de
278 5177 357 5234 orat.
379 5178 412 5234 et
433 5169 517 5235 med.
539 5207 580 5216 -
601 5168 722 5234 Jerem.
746 5168 794 5232 12.
819 5169 867 5231 ll.
