3960 5956
183 408 187 415 ,
315 341 334 401 8

311 541 530 625 Romanae
550 540 786 623 obedientia
805 565 850 634 se
870 566 1160 647 permansuros
1189 539 1423 647 spondeant
1452 550 1501 620 et
1512 541 1664 648 jurent.
1705 538 1810 622 Pro·

312 675 390 755 visi
420 674 544 753 etiam
565 673 616 780 de
636 671 853 753 Beneficiis
886 668 1214 779 quibuscumque
1235 699 1376 753 curam
1397 672 1629 753 animarum
1649 672 1808 756 haben-

312 805 422 888 tibus
442 788 552 885 idcfn
584 831 724 884 coram
755 804 965 912 Episcopo
984 886 986 890 ,
1002 832 1073 885 seu
1113 806 1200 912 ejus
1237 802 1415 885 Officiali
1443 805 1577 886 facere
1605 814 1807 887 tenentur.

314 936 455 1019 Sciant
484 935 682 1044 praedicti
704 964 848 1019 omnes
869 938 1024 1044 provisi
1044 946 1091 1017 ut
1111 963 1245 1050 supra,
1276 936 1574 1045 professionem
1604 937 1712 1018 hanc
1742 951 1809 1020 s'e-

313 1069 427 1150 cluso
450 1079 713 1176 procuratore
734 1097 806 1177 per
826 1097 897 1150 eos
918 1068 1197 1167 emittendam,
1218 1080 1259 1150 et
1278 1070 1507 1151 iterandam
1527 1096 1626 1169 esse,
1648 1071 1809 1178 quoties

311 1203 366 1284 ad
395 1202 522 1283 alium
539 1200 854 1300 Canonicatum,
876 1200 1135 1310 Dignitatem
1150 1201 1217 1282 vel
1237 1201 1421 1284 adalind
1451 1201 1707 1284 Beneficium
1727 1230 1805 1311 pa·
1875 1213 1878 1218 ’

279 1332 490 1417 'rochiale
520 1337 754 1443 promoveri
785 1335 1014 1442 contigerit.
1076 1332 1234 1415 Contra
1262 1334 1458 1417 facientes
1487 1344 1628 1416 autem
1648 1335 1805 1417 fructus

310 1481 409 1550 non
424 1467 579 1548 faciant
608 1495 716 1566 suos,
733 1495 809 1547 nec
839 1466 919 1547 illis
949 1467 1154 1574 possessio
1185 1467 1396 1551 triennalis
1426 1466 1745 1578 suffragemssl

427 1598 627 1700 Quamvis
658 1597 939 1709 Congregatio
972 1596 1085 1680 Sacri
1117 1596 1294 1680 Concilii
1336 1599 1567 1682 Tridentini
1607 1603 1806 1710 interpres

310 1743 352 1815 et
380 1733 532 1814 vindex
562 1734 716 1823 iteratis
747 1732 907 1813 vicibus
938 1731 1225 1831 declaraverit,
1256 1733 1444 1841 provisos
1482 1733 1535 1815 de
1570 1730 1805 1816 Canonica-

309 1865 418 1948 tibus
448 1875 490 1946 et
519 1866 804 1976 Dignitatibus
825 1866 868 1945 in
889 1864 1070 1946 ecclesiis
1098 1863 1327 1974 collegiatis
1347 1894 1432 1947 non
1452 1867 1581 1946 teneri
1600 1865 1656 1947 ad
1684 1866 1805 1946 emit-

311 1989 479 2080 tendam
509 1998 747 2106 hujusmodi
776 1997 1074 2106 professionem
1104 2025 1155 2077 ex
1185 1997 1348 2079 decreto
1370 1994 1559 2111 Consilii,
1591 2026 1725 2106 neque
1755 2026 1804 2080 ex

291 2130 431 2211 vBulla
459 2130 523 2211 Pii
552 2130 623 2213 IV.
638 2128 713 2214 14);
744 2130 936 2213 volumus
954 2139 1105 2228 tamen,
1136 2140 1177 2210 et
1204 2131 1346 2239 vigore
1372 2131 1494 2240 hujus
1515 2131 1666 2212 decreti
1685 2158 1805 2239 prae-

312 2264 499 2373 cipimus,
540 2275 588 2345 ut
625 2265 751 2346 iidem
792 2291 957 2372 quoque
996 2263 1104 2343 intra
1143 2262 1247 2344 duos
1286 2290 1449 2364 menses
1478 2292 1505 2344 a
1534 2263 1601 2345 die
1630 2262 1837 2372 adeptae¹

245 2497 248 2501 ⁷
307 2398 578 2505 possessionis
611 2396 737 2478 fidem
767 2424 884 2477 suam
914 2394 1125 2502 praedicto
1155 2395 1282 2476 modo
1318 2396 1486 2504 publico
1524 2394 1802 2504 profiteantur.

426 2528 494 2611 Ad
524 2529 712 2610 eamdem
742 2528 837 2608 fidei
867 2526 1164 2644 professionem
1196 2526 1427 2608 faciendam
1458 2528 1693 2638 obligamus
1721 2557 1798 2637 pa-
1941 2584 1942 2588 κ

308 2662 403 2742 riter
432 2661 745 2742 Examinatores
785 2658 1024 2767 synodales,
1071 2661 1383 2742 seminariorum
1423 2662 1547 2742 etiam
1574 2662 1803 2772 ¹minorum

307 2792 504 2875 Rectores
535 2821 606 2899 seu
636 2794 926 2891 moderatores,
957 2820 1099 2873 sacrae
1128 2793 1363 2902 theologiae
1393 2804 1434 2875 et
1464 2793 1706 2901 disciplinae
1732 2821 1803 2875 ca—

306 2921 530 3006 techeticae
559 2927 602 3006 in
632 2926 960 3034 quibuscumque
989 2926 1184 3006 institutis
1199 2927 1324 3005 etiam
1349 2926 1619 3035 Regularium
1640 2925 1803 3007 Profes-

308 3085 444 3167 sores,
472 3060 570 3139 item
610 3059 819 3168 religionis
860 3059 1090 3139 doctrinam
1131 3059 1174 3136 in
1214 3055 1454 3164 Gymnasiis
1492 3046 1583 3139 tum
1612 3058 1802 3178 publicis,

308 3199 395 3269 tum
426 3191 596 3298 privatis
626 3191 843 3272 uadentes.
966 3266 970 3274 .

425 3321 505 3420 Qui
536 3323 590 3403 ad
621 3322 803 3404 officium
833 3322 993 3404 Notarii
1024 3322 1280 3431 episcopalis,
1311 3323 1377 3404 vel
1406 3323 1460 3404 ad
1481 3323 1657 3440 gradum
1688 3322 1802 3406 Doc-

307 3456 407 3535 toris
436 3454 671 3565 theologiae
692 3484 763 3537 seu
784 3484 995 3537 sacrorum
1016 3452 1236 3538 Oanonum
1257 3456 1411 3536 assumi
1431 3455 1655 3537 voluerint:
1686 3455 1801 3538 nullo

176 3570 183 3577 ’
307 3586 433 3667 modo
464 3587 744 3686 admittantru,
775 3589 1124 3697 priusquam'ipsi
1166 3613 1331 3695 quoque
1370 3586 1466 3668 fidei
1505 3587 1801 3696 professionem

308 3719 527 3799 emiserint.

372 3939 374 3944 ,
425 3849 560 3931 Nemo
590 3851 758 3931 tandem
789 3852 842 3932 ad
874 3850 1228 3950 Subdiaconatum
1256 3863 1557 3961 promoveatur,
1588 3852 1668 3934 nisi
1688 3855 1801 3962 prius

308 3981 497 4062 eamdem
526 3981 650 4062 fidem
680 3994 727 4063 ut
757 4012 880 4091 supra
909 3982 1115 4090 professus
1146 3983 1276 4065 fuerit.

426 4164 464 4242 2.
497 4161 605 4262 Quia
644 4175 839 4247 monente
875 4175 1018 4249 sancto
1058 4163 1260 4276 Gregorio
1291 4165 1448 4276 Magno
1485 4177 1626 4268 „tanto
1649 4168 1800 4269 ,humi-

97 4335 99 4338 ·
150 4363 154 4369 .
306 4294 384 4374 lior
414 4304 537 4403 atque
568 4296 623 4377 ad
652 4298 913 4378 serviendum
944 4299 1035 4379 Deo
1066 4301 1296 4408 promptior
1335 4300 1508 4409 quisque
1548 4327 1637 4381 esse
1677 4299 1800 4383 debet

306 4456 356 4508 ex
376 4456 555 4527 munere,
578 4440 738 4536 quanto
755 4459 798 4511 se
815 4430 1104 4540 obligatiorem
1119 4460 1208 4514 esse
1224 4433 1428 4541 conspicit
1445 4433 1488 4513 in
1509 4432 1719 4515 reddenda
1732 4463 1799 4516 ra·

306 4560 443 4642 tione“
461 4557 526 4640 l5l:
558 4561 755 4671 Episcopi
775 4562 1031 4672 plenitudine
1052 4565 1269 4647 sacerdotii
1290 4576 1331 4647 et
1360 4565 1659 4647 ecclesiasticae
1670 4568 1800 4675 juris-

308 4693 498 4774 dictionis
529 4689 651 4775 Olero
681 4696 863 4802 praelati,
894 4723 981 4775 non
1017 4725 1061 4778 se
1096 4698 1389 4814 existimabunt
1424 4707 1627 4807 potestate
1662 4696 1800 4780 domi·

307 4867 505 4879 nnn—u*

355 4953 392 5037 11)
415 4951 512 5017 Cone.
535 4952 624 5017 Trid.
647 4953 734 5020 Sess.
750 4956 875 5020 XXVI.
899 4957 939 5021 de
954 4958 1033 5021 Res.
1056 4981 1127 5044 csp.
1151 4958 1349 5023 la-Bulla
1370 4959 1420 5021 Pii
1441 4958 1501 5022 IV.
1524 4959 1727 5042 „Injunctum
1743 4984 1797 5027 no-

416 5060 497 5125 bis.“
519 5061 548 5123 9.
572 5061 728 5126 Deccmb.
752 5065 841 5129 1564.
893 5063 928 5147 ¹⁴)
952 5065 989 5128 ln
1011 5064 1143 5130 Cathac.
1166 5068 1195 5129 9.
1218 5065 1315 5129 Febr.
1339 5066 1419 5130 1726
1441 5066 1535 5131 adl.
1640 5080 1649 5093 '

357 5169 393 5253 ¹⁵)
416 5167 448 5236 S.
472 5167 571 5253 Greg.
593 5169 637 5233 M.
660 5171 765 5235 homil.
787 5172 816 5235 9.
839 5173 872 5233 in
893 5170 1020 5257 Evang.
