3960 5956
517 500 563 520 '·
667 512 669 517 ·
725 504 729 509 ’
787 492 865 559 VII.
902 490 1450 576 Theolopieicooooistoe:

739 674 778 756 o)
820 673 1163 738 Eminentiesimi
1184 673 1502 756 Metropolitae:

454 793 494 884 '1.
516 822 662 885 Jooooes
683 822 817 897 Maian,
840 844 866 885 s.
888 821 1054 907 metropol.
1076 822 1234 889 ecclesiae
1256 823 1450 903 Canonicus,
1479 843 1521 886 ss.
1543 821 1639 887 theol.
1661 823 1792 886 Doctor.

435 991 439 998 ,
464 928 494 992 2.
515 928 714 992 Eoocmooe
734 929 904 994 Xooeriue
926 930 1084 1011 Ploocor,
1118 953 1143 994 s.
1165 931 1331 1017 metropol.
1359 929 1516 1020 ecclesiae
1549 931 1733 996 Canonicus
1757 939 1790 993 et
1819 952 1861 994 ss.

367 1033 464 1099 theol.
486 1035 618 1099 Doctor.

466 1141 498 1204 3.
522 1141 659 1227 Carolus
680 1143 878 1206 Froooieoos
899 1144 1044 1218 Pmsoho,
1066 1165 1092 1209 s.
1108 1144 1273 1230 metropol.
1289 1142 1447 1209 ecclesiae
1459 1143 1646 1211 ¹Canonicus
1661 1151 1693 1207 et
1708 1164 1750 1207 ss.
1766 1143 1862 1207 theol.
1943 1159 1946 1166 ·

368 1252 502 1318 Ductor.

465 1360 497 1425 4.
521 1356 657 1423 Gabriel
678 1357 837 1430 &tisim
860 1378 903 1419 ss.
925 1357 1020 1422 theol.
1040 1358 1162 1423 Doctor
1177 1367 1209 1423 et
1229 1360 1263 1421 in
1279 1357 1497 1422 Universitate
1512 1357 1670 1442 Pragensi
1685 1357 1864 1422 Professor.

466 1468 498 1529 5.
527 1466 716 1531 Vincentius
736 1463 936 1549 Ncililooslrgl,
966 1486 1009 1528 ss.
1031 1464 1128 1529 theol:
1150 1465 1273 1530 Doctor
1295 1478 1327 1529 et
1348 1468 1382 1529 in
1403 1465 1500 1530 Univ.
1515 1465 1665 1550 Pragena
1687 1464 1864 1529 Professor.

468 1573 499 1636 6.
521 1573 669 1637 Solorius
695 1576 774 1636 Ant.
800 1572 934 1654 Moper,
971 1593 1014 1634 ss.
1048 1572 1145 1636 theol.
1174 1572 1296 1635 Doctor
1324 1581 1357 1635 et
1383 1573 1416 1635 in
1448 1557 1545 1636 Univ.
1568 1572 1664 1656 Prag.
1687 1571 1865 1654 Professor,

369 1680 448 1746 Ord.
471 1681 696 1746 cisterciensis
718 1687 894 1743 emonsst.
917 1679 1091 1743 Ossecensi
1113 1678 1297 1765 presbyter.
1374 1664 1377 1670 ’

426 1788 429 1793 ⁴
470 1791 497 1854 7.
519 1790 703 1855 Edoordse
743 1787 871 1860 Terech,
907 1807 950 1850 ss.
981 1785 1078 1851 theol.
1110 1787 1234 1852 Doctor
1253 1794 1286 1851 et
1317 1785 1506 1851 clericorum
1539 1787 1729 1872 archiepisc.
1763 1788 1859 1851 semi·

368 1898 451 1963 narii
468 1896 596 1960 Rector.

468 2004 497 2068 8.
529 2003 674 2067 Joonoer
697 2002 859 2076 Gebhard,
889 2000 967 2065 eccl.
990 2000 1062 2081 coll.
1084 2001 1267 2087 vysehrad.
1290 2001 1473 2066 canonicus
1496 2001 1606 2068 honor.

466 2110 498 2176 9.
531 2110 678 2173 Mothior
704 2109 878 2183 Heinrich,
912 2107 1085 2195 parochiae
1113 2107 1301 2194 principalis
1335 2107 1605 2193 Vetero-Pregse
1638 2108 1675 2172 B.
1698 2108 1742 2172 M.
1765 2108 1805 2172 V.
1832 2109 1867 2172 in

369 2198 463 2303 'feyn
484 2216 645 2302 parochus
668 2224 700 2279 et
721 2210 843 2280 Canon.
871 2216 982 2281 honor.
1004 2215 1277 2301 Vyhehradensis.
1368 2218 1371 2225 ’

304 2401 309 2424 Ι
469 2325 519 2389 10.
552 2327 716 2388 Antonius
742 2325 894 2399 Hlovon,
927 2321 1185 2389 Archidiaconus
1215 2323 1393 2388 Pilsnensis
1416 2331 1449 2386 et
1469 2323 1620 2388 Vicarius
1642 2323 1794 2387 foraneus
1816 2343 1865 2386 ar·

371 2431 618 2518 chiepiscopalis
640 2431 805 2496 districtus
827 2432 1014 2496 Pilsnensis.
1557 2443 1565 2454 “

467 2544 514 2604 11.
547 2541 744 2604 Bornos-doe
771 2541 984 2623 Sorpensrey,
1017 2536 1178 2624 parochus
1206 2538 1443 2604 Nebanicensis
1469 2547 1502 2602 et
1529 2538 1680 2603 Vieerius
1713 2539 1866 2603 foraneus

372 2649 516 2734 archiep.
544 2648 708 2713 districtus
730 2646 895 2730 Egrensis.

468 2757 519 2820 12.
551 2757 696 2819 Joonoes
717 2756 866 2836 Iretdwip,
894 2753 1095 2840 parochus
1087 2778 1118 2817 in
1144 2752 1410 2836 Habelschwerd,
1433 2750 1575 2839 archiep.
1607 2774 1667 2839 per
1688 2752 1866 2817 districtum

371 2821 565 2928 Glaeensem
588 2861 753 2925 Visitator.

468 2970 519 3032 13.
552 2969 716 3032 Antonius
737 2970 940 3043 Joodoorelc,
962 2968 1208 3033 Concionator
1199 2990 1233 3031 m
1254 2967 1475 3034 Universitate
1498 2968 1667 3053 Pragensi.

468 3078 519 3140 ll.
551 3079 715 3141 Antonios
737 3077 939 3151 Reiowortlr,
961 3077 995 3140 in
1017 3073 1112 3139 Univ.
1134 3074 1284 3159 Pregena
1305 3076 1501 3160 theologiam
1521 3075 1642 3140 docens
1662 3072 1868 3159 pastoralem.

249 3298 257 3319 .
471 3208 573 3291 Alter,
596 3212 650 3295 qui
672 3231 690 3271 e
713 3211 865 3273 comitatu
887 3208 1039 3273 Glacensi
1060 3229 1121 3273 ceu
1143 3207 1312 3294 theologus
1334 3219 1367 3274 et
1393 3184 1560 3309 canonista
1583 3206 1869 3293 archiepiscopalis

373 3327 507 3384 vocatus
528 3317 643 3398 fuerat,
665 3317 825 3382 Antonius
847 3316 999 3401 Ludwig,
1030 3317 1180 3382 Vicarius
1202 3307 1343 3404 archiep.
1371 3310 1683 3411 ehghmhidiaconus
1705 3313 1868 3398 infulatus,

374 3425 488 3491 morbo
509 3425 683 3512 impeditus
706 3424 822 3490 adesse
843 3446 908 3488 non
930 3427 1042 3510 potuit.
1129 3438 1133 3445 '

534 3610 569 3692 h)
603 3609 952 3673 Revereodissimi
976 3609 1184 3691 Episcopi
1211 3609 1689 3691 Repinoehrodecensis:

474 3761 501 3822 1.
523 3760 668 3822 Jooooee
689 3758 816 3831 Stcirelr,
838 3754 1010 3840 theologici
1032 3758 1167 3820 instituti
1193 3756 1549 3841 Regineehradecensis
1571 3757 1741 3821 Professor
1762 3765 1795 3818 et
1824 3776 1867 3818 ss.

375 3865 473 3931 theol.
496 3867 626 3931 Doctor.

473 3999 504 4062 2.
525 3999 724 4062 Franciscoe
745 3996 1088 4085 Polroomy,·1)ecanus
1109 3997 1293 4063 Holohlavii
1315 4006 1347 4062 et
1370 3998 1534 4062 disti-ictus
1554 3977 1791 4063 Jsroinorensis
1811 3996 1868 4063 Vi·

376 4109 483 4172 carius
507 4105 657 4169 foraneus
679 4102 958 4209 episcopalis-'³'

290 4040 353 4165 ,pf

597 4307 631 4383 o)
664 4284 1026 4366 Reverendiseimi
1051 4304 1259 4386 Episcopi
1280 4304 1641 4367 Litornerioeosis:
1693 4293 1698 4303 ’

474 4457 502 4516 l
523 4454 668 4516 Jooooee
690 4434 815 4528 Eileoi,
837 4452 978 4538 Capituli
1000 4450 1144 4515 cathedr.
1165 4452 1346 4517 Litomeric.
1369 4451 1562 4534 Canonicus,
1586 4474 1627 4514 ss
1653 4451 1750 4515 theol.
1775 4452 1870 4514 Dect

473 4587 504 4648 2.
525 4586 670 4648 Joonoee
691 4584 870 4658 Potestas,
893 4582 1053 4668 parochus
1064 4582 1197 4667 Magno
1186 4582 1368 4665 -Jesenikii,
1391 4591 1424 4645 et
1436 4582 1599 4646 drstrictus
1621 4580 1869 4667 Nimburgensis

376 4692 526 4756 Vicarius
549 4691 700 4755 foraneus
722 4689 925 4777 episcopalis.

644 4873 684 4956 d)
718 4873 1074 4936 Reverendiesiroi
1098 4873 1297 4956 Episcopi
1317 4873 1608 4935 Bodoiceosis:

478 5025 506 5085 Ι.
527 5023 724 5088 Frontieous
756 5021 862 5106 Jeohl,
892 5020 1064 5107 theologici
1085 5021 1221 5086 instituti
1242 5020 1456 5088 Budviccnsis
1480 5020 1665 5103 Professor,
1699 5043 1741 5084 ss.
1775 5019 1870 5084 theol.

380 5129 511 5197 Ductor.
