3960 5956
232 331 272 394 74

231 531 395 614 solliciti
416 529 467 611 de
486 528 723 638 peragendo
744 527 957 609 tremendo
978 528 1173 634 mysterio
1188 530 1265 634 ,pia
1284 531 1372 636 ejus
1392 524 1720 609 consideratione

231 663 495 746 devotionem
524 661 569 741 in
597 686 641 739 se
661 660 837 772 excitare
858 668 1059 767 satagant.
1111 655 1410 759 PostMissam
1430 667 1569 740 autem
1599 682 1719 763 prae-

231 796 394 903 scripta
412 793 637 903 gratiarum
673 792 780 872 actio
809 790 1075 900 persolvatur,
1106 790 1173 871 cui
1203 799 1403 897 quantum
1441 787 1534 898 fieri„
1559 787 1719 897 poterit,

231 929 288 1037 pii
319 925 551 1009 sacerdotes
581 933 677 1004 ante
706 923 931 1013 discessum
963 922 1189 1031 congruam
1210 921 1520 1003 meditationem
1543 922 1720 1029 jungere

232 1059 375 1142 solent.
408 1056 546 1157 Quum
577 1057 688 1137 enim
718 1055 829 1165 apud
859 1055 996 1137 Deum
1021 1083 1097 1163 pro
1127 1055 1330 1163 perceptis
1359 1053 1480 1135 donis
1510 1050 1720 1162 gratitudo

232 1219 375 1274 secura
405 1190 457 1270 sit
478 1188 652 1269 alterius
681 1186 870 1268 beneficii
904 1187 1162 1295 impetratio:
1200 1193 1316 1266 tanto
1345 1184 1485 1294 plures
1524 1182 1720 1265 salutiferi
1791 1268 1793 1273 ,

233 1321 430 1408 Sacrificii
450 1321 605 1403 fructus
625 1319 809 1427 profecto
840 1318 1008 1427 colliget
1030 1318 1241 1424 sacerdos,
1273 1351 1356 1432 quo
1387 1320 1540 1405 diutius
1569 1324 1611 1397 et
1638 1313 1720 1396 fer-

232 1457 393 1538 ventius
423 1481 518 1535 cum
549 1451 731 1533 Domino
762 1463 803 1532 et
841 1451 933 1532 'Deo
964 1477 1039 1545 suo
1069 1448 1367 1562 benignissimo
1398 1452 1562 1562 hospite
1600 1446 1723 1529 fuerit

232 1588 1051 1670 collocutus·
1613 1614 1614 1618 ¹
1739 1573 1745 1584 ’

351 1716 459 1801 Oum
490 1717 595 1797 sacri
624 1717 725 1796 ritus
755 1725 796 1796 et
819 1719 1111 1817 caeremoniae,
1143 1721 1292 1827 quibus
1322 1719 1508 1816 Ecclesia
1528 1746 1578 1798 ex
1604 1661 1722 1823 Apo·

234 1852 379 1934 stolida
407 1848 626 1930 traditione
661 1856 702 1927 et
730 1848 841 1927 avita
871 1847 1136 1956 disciplina
1125 1880 1169 1932 111
1199 1849 1558 1963 Sacramentorum
1587 1847 1722 1931 admi-

234 1971 473 2065 nistratione
504 1980 734 2087 divinisque
765 1978 911 2060 officiis
942 1981 1088 2082 utitur,
1119 2012 1317 2094 magnam
1337 1984 1549 2065 christiani
1577 1978 1723 2090 populi
1853 2044 1856 2052 .

234 2113 506 2198 eruditionem
536 2119 737 2218 veraeque
766 2110 862 2192 fidei
882 2116 1218 2224 protestationem
1250 2116 1508 2214 contineant,
1538 2103 1721 2194 fidelium

233 2258 392 2330 mentes
421 2246 476 2328 ad
505 2273 639 2353 rerum
660 2246 950 2326 altissimarum
970 2247 1280 2330 meditationem
1310 2248 1548 2351 sustollant,
1578 2253 1620 2330 et
1649 2243 1722 2325 de-

94 2383 106 2401 ‘
234 2381 413 2463 votionis
434 2380 558 2476 etiam
586 2379 683 2487 igne
702 2375 979 2497 inflamment:
1001 2375 1036 2458 3)
1066 2381 1184 2489 gravi
1204 2383 1388 2489 profecto
1418 2389 1589 2488 peccato
1621 2403 1723 2458 oon·

235 2513 448 2594 scientiam
469 2539 586 2592 suam
606 2500 831 2592 macularet
850 2512 1052 2611 sacerdos
1084 2516 1155 2622 qui
1184 2523 1370 2624 receptos
1401 2523 1442 2594 et
1466 2510 1720 2622 approbatos

235 2642 444 2728 Ecclesiae
483 2637 584 2722 ritus
614 2639 848 2723 notabiliter
877 2643 1124 2753 negligeret,
1165 2674 1240 2754 pro
1276 2646 1394 2728 libito
1439 2645 1646 2726 omitteret
1683 2650 1724 2722 et

234 2778 278 2858 in
317 2802 450 2856 novos
479 2775 626 2854 immut
624 2783 724 2897 aret.
697 2771 775 2854 14)
821 2773 961 2856 Habet
999 2779 1241 2884 praeprimis
1279 2757 1533 2860 Sacrificium
1573 2772 1723 2883 Missae

235 2907 388 2990 multos
413 2932 611 3014 eosque
580 2890 759 2987 maxime
779 2907 1028 3057 insigneset
1011 2908 1252 2991 tsollennes
1281 2910 1392 3009 ritus,
1424 2935 1611 3017 quorum
1629 2875 1723 2986 nul·
1777 2971 1778 2974 .

235 3040 300 3121 lus
339 3065 666 3147 supervacaneus
701 3049 742 3119 et
779 3039 913 3120 inanis
949 3039 1245 3121 existimandus
1274 3051 1356 3141 est,
1397 3039 1471 3121 sed
1499 3065 1644 3120 omnes
1673 3065 1722 3119 eo
1828 3119 1830 3124 .

236 3179 440 3279 spectant,
478 3179 525 3250 ut
560 3180 601 3250 et
617 3171 732 3252 ‘tanti
763 3167 960 3252 Sacrificii
990 3173 1183 3280 majestas
1208 3174 1352 3283 magis
1383 3172 1563 3269 eluceat,
1601 3167 1725 3285 etad
1815 3161 1821 3173 ’

235 3330 371 3385 rerum
389 3302 654 3401 divinarum,
686 3329 792 3410 quae
821 3303 865 3392 in
894 3332 944 3385 eo
976 3299 1185 3392 Sacrificio
1216 3305 1445 3387 occultatae
1475 3312 1590 3401 sunt,
1622 3329 1724 3407 con-

234 3414 546 3543 templationem
576 3432 721 3515 fideles
746 3435 983 3516 excitentur.
1000 3433 1202 3535 5lQuare
1226 3437 1419 3520 omnibus
1445 3433 1725 3517 sacerdotibus

235 3567 460 3679 graviter
448 3594 492 3647 111
485 3566 723 3676 jungimus,
754 3577 800 3646 ut
834 3568 1031 3667 ordinem,
1062 3570 1186 3649 ritum
1209 3580 1250 3650 et
1284 3569 1573 3667 caeremonias,
1603 3575 1726 3674 prout

221 3675 278 3784 ’in'
308 3699 465 3782 Missali
495 3698 721 3781 secundum
751 3726 872 3780 usum
902 3710 1067 3781 sanctae
1097 3699 1543 3784 Romanael'lcclesiae
1573 3698 1724 3781 descri-

243 3832 416 3933 buntur,
456 3833 500 3913 in
539 3831 676 3913 Missis
708 3839 797 3912 tum
827 3833 996 3982 privatis
1035 3843 1124 3913 tum
1164 3831 1417 3914 solemnibus
1456 3831 1599 3913 sedulo
1638 3826 1728 3939 pie-

238 3992 318 4073 que
353 3963 607 4062 custodiant,
647 3991 696 4044 eo
736 3965 891 4073 magis,
931 3993 1059 4072 quum
1098 3966 1142 4047 in
1171 3962 1369 4080 faciendis
1405 3963 1551 4046 ritibus
1590 3964 1726 4057 unitas

238 4098 464 4205 eademque
492 4094 645 4218 ubique
674 4095 860 4178 locorum
891 4096 1151 4179 observantia
1185 4096 1239 4177 ad
1268 4069 1594 4210 promovendam
1623 4092 1726 4175 fide-

237 4231 340 4314 lium
369 4200 697 4312 aedificationem
727 4217 951 4338 plurimum
982 4229 1164 4312 conferre
1209 4229 1485 4340 dignoscatur.
1546 4226 1725 4326 Abusus,

239 4364 310 4471 qui
339 4359 422 4444 fors
443 4360 520 4443 sub
540 4362 707 4443 nomine
728 4361 1072 4443 consuetudinum
1101 4372 1173 4443 aut
1156 4359 1545 4444 tobservantiarum
1567 4368 1728 4469 praeter

238 4495 303 4576 vel
336 4505 491 4577 ,contra
537 4490 702 4575 Missale
749 4493 1037 4607 Romanum
1026 4523 1069 4574 m
1099 4494 1188 4575 'hac
1227 4495 1440 4602 provincia
1482 4491 1725 4600 irrepserint,

239 4629 398 4708 etiamsi
427 4627 556 4735 longa
579 4627 890 4733 praeteritorum
910 4653 1113 4707 annorum
1144 4626 1245 4708 serie
1275 4627 1392 4734 quasi
1413 4623 1581 4707 stabiliti
1610 4623 1727 4705 vide-

279 4901 309 4983 1)
332 4901 466 4965 Constit.
502 4900 584 4964 sixti
619 4899 681 4964 ΡΡ.
710 4900 749 4964 V.
777 4880 959 4982 „immensa
987 4856 1113 4966 'aeterni
1144 4900 1239 4964 Dei.“
1272 4899 1313 4964 de
1346 4899 1398 4964 die
1422 4898 1471 4964 22.
1493 4897 1567 4966 Jan
1593 4896 1683 4963 1587.

282 5006 314 5090 ⁴)
333 5006 366 5072 S.
388 5007 488 5071 Cone.
511 5007 600 5072 Trid.
624 5007 710 5072 Sese.
733 5007 807 5071 VH.
829 5029 898 5072 can.
923 5007 971 5070 13.

286 5115 310 5198 ⁵)
333 5114 466 5180 catech.
488 5114 579 5180 Rom.
602 5115 642 5178 de
665 5114 804 5179 Euchar.
827 5124 949 5201 quaest.
972 5114 1020 5181 81.
