3960 5956
229 294 271 359 92

227 505 311 580 tate
340 493 448 605 grati
484 489 582 573 fidei
610 489 807 573 haeredes
835 491 1082 599 praecipuos
1111 499 1355 574 venerentur
1383 490 1598 593 Patronos,
1637 482 1741 575 una

202 656 325 731 cum
353 623 521 733 reliquis
545 621 770 729 Bohemiae
791 621 1066 724 lbtelaribus,
1097 651 1274 732 quorum
1302 624 1454 732 partim
1482 654 1601 710 saera
1628 654 1745 709 cor·-

229 788 343 873 pora,
373 757 525 868 partim
551 755 747 865 reliquiae
774 751 1037 865 potissimum
1062 757 1247 866 insignes
1272 757 1385 866 apud
1404 786 1483 842 nos
1501 760 1570 869 pie
1589 786 1723 842 asser·

230 900 400 993 vantur,
448 899 495 973 nt
543 898 782 971 sanctorum
825 887 1056 996 Martyrum
1095 899 1137 971 et
1176 888 1450 971 Patronorum
1487 902 1725 975 nostrorum

233 1027 389 1140 Oyrilli,
412 1021 625 1122 Methodii,
646 1021 743 1123 Viti,
765 1021 1013 1124 Wenceslai,
1035 1020 1261 1122 Adalberti,
1292 1020 1559 1133 Sigismundi,
1590 1023 1725 1107 doan·

231 1165 297 1247 nis
326 1155 623 1267 Nepomueeni,
654 1153 857 1263 Procopii,
880 1150 1058 1237 Cosmae
1088 1165 1130 1237 et
1149 1154 1356 1256 Damiani,
1386 1155 1600 1239 Benedicti
1629 1184 1726 1239 cum

233 1293 438 1391 fratribus,
463 1286 668 1387 Norberti,
699 1285 876 1394 Josephi
897 1294 1022 1394 atque
1049 1286 1266 1370 Ludmilae
1296 1288 1367 1397 pia
1396 1299 1437 1371 et
1466 1277 1633 1371 assidua
1661 1289 1728 1370 in·

234 1427 482 1515 tereessione
511 1420 568 1503 ab
596 1419 792 1502 omnibus
820 1446 982 1526 semper
1006 1430 1276 1529 protegantur
1305 1420 1500 1502 adversis.
1532 1418 1728 1505 Similiter

236 1565 377 1648 colant
395 1557 661 1641 ecclesianam
690 1552 990 1661 parochialium
1015 1552 1229 1654 Patronos,
1259 1581 1286 1634 a
1305 1554 1491 1663 patribus
1521 1554 1589 1661 pie
1620 1553 1729 1636 elec-

234 1711 311 1797 tos,
353 1693 425 1802 qui
463 1688 580 1800 gregi
618 1713 693 1769 suo
729 1685 922 1793 pupillari
961 1695 1025 1767 tot
1060 1686 1266 1794 praestitis
1305 1686 1468 1769 auxiliis
1498 1713 1729 1794 numquam

235 1859 321 1913 non
360 1825 547 1923 adfuere;
593 1819 734 1902 colant
772 1818 941 1900 tandem
981 1817 1157 1902 Sanctos
1195 1819 1299 1919 illos,
1341 1849 1520 1928 quorum
1559 1821 1731 1902 nomina

236 1962 456 2072 baptisma,
478 1952 801 2051 confirmatione,
823 1951 1076 2059 professione
1095 1953 1289 2062 religiosa
1308 1954 1441 2035 sortiti
1461 1963 1568 2053 sunt,
1600 1980 1728 2061 quos·

234 2125 285 2178 ve
324 2093 407 2176 alio
447 2086 574 2170 modo
605 2084 804 2193 speciales
834 2081 913 2165 sibi
943 2083 1145 2166 Patronos
1175 2084 1340 2186 habent,
1370 2096 1418 2168 ut
1454 2084 1729 2168 desideratam

235 2221 538 2338 propitiationis
568 2218 732 2300 divinae
758 2215 1056 2299 abundantiam
1076 2216 1359 2326 multiplicatis
1388 2216 1726 2300 intercessoribus

236 2365 552 2467 consequantur.
617 2400 625 2416 ·
1572 2342 1577 2347 ’

353 2536 530 2624 curatos
549 2544 688 2617 autem
708 2543 750 2615 et
776 2559 1060 2641 quoscumque
1087 2533 1352 2616 ecclesiarum
1376 2542 1553 2618 rectores
1583 2561 1730 2616 mone-

237 2703 342 2776 mus,
361 2685 409 2754 ut.
427 2669 617 2782 propriae
640 2666 834 2750 eeclesiae
856 2666 1089 2774 'patrocinia
1108 2695 1159 2749 ac
1182 2665 1406 2777 singularia
1424 2666 1530 2750 festa
1550 2666 1733 2749 maxima

237 2838 336 2893 eura
355 2817 396 2888 et
416 2805 544 2914 digna
565 2799 770 2883 celebrent
790 2799 1060 2881 solemnitate.
1100 2798 1321 2908 Quumque
1333 2798 1501 2911 ‚festum
1516 2795 1646 2883 Tituli
1665 2799 1733 2882 vel

237 2940 406 3025 Patroni
431 2939 511 3019 ritu
540 2935 632 3017 festi
653 2932 829 3042 duplicis
859 2932 1016 3040 primae
1046 2932 1189 3016 classis
1219 2960 1315 3014 cum
1345 2943 1494 3015 octava
1519 2932 1731 3017 celebran—

238 3077 338 3160 dum
363 3075 436 3157 sit:
467 3069 714 3179 respectivas
734 3051 984 3148 mutationes
1014 3076 1054 3148 et
1073 3066 1371 3166 translationes,
1401 3077 1525 3175 prout
1545 3066 1732 3150 rubricae

230 3206 438 3293 Breviarii
467 3213 509 3286 et
536 3200 716 3285 Missalis
749 3199 972 3310 postulant,
1003 3199 1046 3279 in
1086 3199 1302 3281 directorio
1333 3196 1470 3281 Officii
1500 3199 1629 3281 divini
1658 3199 1746 3283 de··
1816 3196 1822 3203 ’

241 3341 434 3440 scribant,
455 3337 509 3420 ab
525 3334 718 3419 omnibus
740 3333 874 3415 eidem
890 3319 1085 3415 ecclesiae
1101 3332 1417 3450 inservientibus
1442 3331 1734 3416 observandas.

239 3473 486 3558 Parochiani
524 3498 622 3552 vero
661 3477 917 3565 moneantur,
958 3477 1004 3546 ut
1042 3494 1068 3546 a
1105 3465 1200 3547 lusu
1239 3475 1280 3547 et
1319 3465 1492 3548 lascivia
1532 3475 1736 3568 caventes,

244 3608 348 3691 festa
377 3633 453 3690 sua
482 3603 629 3685 devote
659 3628 709 3681 ac
737 3598 929 3708 religiose
960 3596 1176 3679 eelebrent.
1194 3595 1228 3680 3)

817 3893 1034 3979 ¹CAPUT
1063 3894 1134 3978 VI.

375 4123 445 4203 De
475 4118 755 4202 Sanctorum
785 4112 1014 4217 Reliquiis
1051 4118 1099 4197 et
1128 4113 1276 4195 sacris
1306 4111 1609 4215 Imaginibus.

337 4344 458 4455 ,Non
488 4348 685 4458 exiguum
714 4343 933 4453 Episcopis
968 4341 1016 4422 >in
1054 4341 1133 4423 hac
1163 4337 1336 4448 Synodo
1367 4341 1629 4450 congregatis
1667 4366 1739 4422 ac-
1853 4401 1863 4418 ,

238 4480 391 4592 crescit
420 4481 695 4565 solamentum
725 4506 776 4559 ex
803 4477 986 4587 genuina
1015 4475 1177 4585 pietate,
1214 4501 1297 4581 qua
1325 4471 1459 4555 fidelis
1488 4473 1612 4582 hujus
1641 4499 1740 4583 pro—

248 4618 410 4700 vinciae
430 4614 621 4724 populus,
651 4611 849 4720 plurimas
879 4610 1020 4717 utique
1040 4609 1246 4718 majorum
1274 4635 1443 4689 suorum
1464 4605 1740 4691 sollicitudine
1774 4644 1785 4713 j

248 4776 385 4836 sacras
414 4748 628 4856 Reliquias
648 4757 689 4827 et
717 4744 926 4853 Imagines
956 4744 1134 4843 sortitus,
1165 4740 1465 4831 nobilissimam
1499 4739 1609 4822 hanc
1640 4739 1741 4821 hae-

250 4935 446 4949 ....-.----

288 5029 318 5112 ³)
340 5026 438 5092 Cone.
459 5025 548 5091 Trid.
571 5023 657 5089 Sese.
679 5021 787 5088 XXV.
797 5006 936 5086 ”Contin
959 5021 1008 5087 De
1025 5021 1088 5085 del.
1104 5019 1167 5087 eib.
1185 5021 1243 5108 jej.
1259 5027 1292 5083 st
1310 5017 1394 5082 dieb.
1410 5017 1482 5083 sest.
1501 5015 1621 5083 Confer
1636 5015 1741 5104 ejusd.

344 5135 431 5201 Sea.
453 5132 583 5196 Deerat
606 5130 646 5195 de
669 5131 772 5199 invoa.
795 5128 903 5195 Sanet.
1746 5138 1752 5149 ·
