3960 5956
721 564 859 620 'l'es-tln
878 565 1013 621 lessio
1030 567 1208 636 publiea.

315 757 385 821 'Die
414 757 536 819 deame
564 765 657 820 secte
686 755 885 841 Septembris
916 757 1006 838 1860,
1029 778 1120 842 ,quae
1143 768 1212 820 erat
1234 758 1406 823 Dominica
1427 758 1520 822 XVI.
1541 747 1614 843 post
1636 757 1718 820 Pen-

224 872 369 928 tecosten
397 873 430 929 et
458 861 552 926 simul
582 864 716 925 Festum
736 886 761 926 a.
784 865 959 928 lasdmilee
990 865 1145 949 Martyris
1168 874 1200 927 et
1221 865 1381 930 Patronae
1403 867 1518 953 Regni,
1540 868 1574 928 in
1596 862 1715 928 sacello

223 995 248 1034 s.
271 971 456 1037 Wenceslai
480 969 637 1034 ecelesiae
660 972 925 1056 metropolitanae
948 972 1060 1036 habita
1082 980 1132 1034 est
1155 975 1253 1036 tertio
1274 974 1382 1037 Sessio
1399 975 1541 1056 publice.

321 1080 412 1143 Hora
433 1088 545 1141 octava
566 1079 723 1142 matutina
745 1077 1028 1142 Eminentissimus
1049 1078 1254 1163 Metropolita
1276 1089 1308 1143 et
1329 1080 1602 1162 Reverendissimi
1623 1079 1718 1163 Epis·
1765 1111 1771 1120 -

223 1189 296 1272 copi
325 1185 460 1250 Consilii
482 1185 596 1248 Patres
619 1207 636 1249 e
659 1185 778 1271 palatio
801 1186 1067 1272 archiepiscopali
1094 1186 1229 1250 solemni
1251 1187 1462 1253 Processione
1484 1187 1527 1251 ad
1548 1186 1718 1250 ecelesiam

222 1284 500 1380 metropolitanam
531 1293 660 1357 deducti
683 1303 766 1377 sunt,
795 1293 852 1357 ubi
874 1296 1156 1358 numerosissimus
1178 1316 1234 1358 eos
1256 1294 1409 1359 salutavit
1430 1294 1578 1381 populus,
1600 1296 1655 1379 qui
1677 1314 1719 1355 ex
1792 1345 1796 1351 .

223 1401 372 1466 omnibus
388 1403 528 1465 civitatis
543 1402 714 1486 parochiis,
738 1405 898 1467 communi
913 1406 1054 1467 maxime
1072 1402 1294 1481 Processione,
1316 1402 1499 1489 incipiendo
1515 1400 1557 1466 ab
1580 1401 1719 1466 ecclesia

224 1510 262 1573 B.
274 1509 318 1571 M.
335 1509 374 1572 V.
390 1511 423 1572 in
439 1509 542 1594 Teyn,
570 1508 706 1572 ducibus
722 1509 876 1573 Parochis
901 1509 944 1573 ad
966 1503 1243 1594 metropolitanam
1266 1510 1437 1574 ecclesiam
1460 1510 1662 1592 ascenderat,
1684 1517 1719 1571 ut

222 1618 413 1681 consociatis
436 1626 469 1680 ct
488 1615 628 1702 publicis
650 1615 802 1701 precibus
825 1616 1017 1700 synodalem
1039 1600 1147 1679 actum
1169 1619 1221 1701 pie
1244 1619 1458 1680 comitaretur.
1522 1620 1525 1627 '

319 1724 422 1788 Missa
443 1723 578 1788 solemni
600 1723 640 1787 de
662 1724 744 1787 sesto
767 1723 819 1787 die
841 1745 861 1787 a
883 1724 1164 1788 Reverendissimo
1186 1723 1349 1809 Episcopo
1371 1724 1614 1788 Litomerieensi
1634 1723 1718 1798 cele·

222 1831 317 1896 brata
331 1830 513 1916 Synodales
534 1833 568 1894 in
590 1830 745 1895 sacellum
760 1853 785 1893 s.
801 1831 988 1895 Wenceslai
1011 1839 1224 1913 secesserunt,
1247 1829 1304 1893 ubi
1326 1852 1439 1915 preces
1455 1831 1553 1915 juxta
1575 1828 1719 1894 ordinem

151 1922 154 1931 ⁵
223 1937 264 2004 ad
290 1938 457 2024 Synodum
485 1941 519 2001 in
546 1934 728 2001 Pontifieali
757 1936 900 2000 Romano
933 1946 1118 2002 contentum
1151 1937 1334 2022 persolutae
1358 1947 1441 2002 sunt.
1484 1937 1623 2002 For-ibus
1646 1937 1721 2000 dein

223 2047 333 2111 sacelli
366 2046 509 2134 clausis,
536 2046 838 2111 Reverendissimus
870 2048 1052 2134 Episcopiis
1082 2049 1297 2114 Budvicensis
1328 2069 1508 2112 sermonem
1531 2046 1720 2133 synodalem

223 2153 305 2218 dixit
327 2155 366 2216 de
387 2157 580 2217 erectoritete
601 2154 815 2218 ecclesiastico
836 2162 991 2240 tanquam
1013 2156 1103 2220 vitali
1124 2159 1293 2243 principie,
1309 2157 1395 2242 quod
1416 2156 1566 2221 Ecclesia
1587 2178 1608 2220 a
1629 2155 1720 2221 Chri·
1742 2158 1747 2167 '

224 2269 272 2325 sto
305 2261 443 2326 Domino
475 2260 582 2343 habet,
617 2282 679 2345 quo
702 2270 922 2346 conservatur,
955 2271 988 2325 et
1020 2262 1158 2348 Spiritus
1191 2262 1303 2330 Sancti
1335 2265 1521 2327 assistentia
1542 2262 1656 2327 fideles
1677 2263 1721 2327 ad

223 2377 390 2433 aeternum
413 2390 523 2432 eorum
545 2366 642 2431 finem
658 2368 776 2452 dirigit,
799 2370 893 2454 eujus
915 2369 1074 2433 salutares
1096 2371 1231 2434 effectus
1252 2392 1317 2434 non
1338 2372 1372 2433 in
1393 2370 1574 2434 Ecclesiam
1597 2376 1721 2434 tantrnn

224 2475 282 2539 sed
304 2484 337 2539 et
358 2478 392 2539 in
414 2474 518 2540 civilis
539 2474 737 2560 reipublicae
760 2478 948 2561 sospitatem
970 2476 1162 2540 redundant.

319 2582 426 2646 Finito
461 2575 607 2646 sermone
635 2585 820 2647 institerunt
848 2584 1068 2665 Promotores,
1098 2591 1134 2645 ut
1162 2583 1314 2665 Decreta,
1344 2604 1428 2668 quae
1450 2583 1542 2647 titulo
1565 2585 1660 2646 tertio
1683 2584 1722 2646 de

224 2691 321 2754 Orrltu
349 2693 466 2770 divino,
491 2699 523 2753 et
543 2691 635 2754 titulo
658 2701 772 2776 quarto
795 2693 834 2753 de
855 2692 1077 2755 sacramentis
1098 2691 1131 2753 in
1153 2691 1362 2776 praecedenti
1385 2691 1647 2776 Congregatione
1661 2713 1717 2776 ge·

223 2796 326 2861 nerali
347 2820 509 2884 perpensa
541 2807 573 2860 ct
600 2799 744 2862 admissa
766 2801 904 2879 fuerunt,
927 2797 1179 2882 publicarentur.
1215 2798 1504 2863 Eminentissimus·
1518 2799 1723 2884 Metropolita

218 2905 366 2988 jamista
390 2905 530 2968 Decreta
552 2905 616 2990 legi
633 2906 749 2990 jussit,
783 2926 886 2990 eaque
909 2906 1016 2968 omnia
1038 2914 1071 2967 et
1099 2906 1227 2988 singula
1259 2906 1373 2970 eodem
1395 2907 1490 2970 modo
1513 2928 1553 2970 ac
1573 2909 1607 2970 in
1629 2928 1721 2992 prae·

119 3035 122 3042 ·
225 3012 361 3076 cedente
384 3011 536 3076 Sessione
558 3036 578 3076 a
600 3013 751 3076 Patribus
775 3012 947 3097 Episcopis
970 3011 1201 3097 perverbum:
1235 3014 1414 3087 ‚,Plueeat“
1436 3012 1616 3100 approbata
1638 3022 1721 3077 sunt.

320 3119 470 3204 Denique
492 3119 774 3183 Eminentissimus
797 3118 1002 3203 Metropolita
1024 3140 1097 3183 cum
1120 3141 1257 3184 assensu
1278 3120 1411 3183 Petrum
1439 3120 1574 3185 Concilii
1600 3121 1722 3184 Decre-

224 3236 304 3308 tum,
327 3246 390 3311 quo
416 3229 563 3313 proxima
592 3226 700 3291 Sessio
731 3225 861 3311 publica
889 3228 922 3289 in
952 3226 1037 3289 diem
1064 3228 1256 3309 vigesimam
1287 3226 1487 3312 Septembris
1514 3227 1636 3292 indicta
1662 3236 1722 3309 est,

224 3332 382 3418 publicari
399 3335 508 3417 jussit,
531 3342 564 3397 et
585 3335 694 3398 addito
717 3333 869 3398 mandato
893 3333 932 3397 de
955 3332 1155 3399 conficiendo
1177 3342 1210 3396 et
1232 3337 1334 3398 serius
1356 3334 1495 3420 legendo
1509 3337 1653 3415 'actionis
1674 3337 1722 3398 in·

225 3450 411 3524 strumento,
433 3463 492 3527 per
513 3441 770 3507 benedictionem
793 3444 968 3507 solemnem
990 3443 1084 3508 modo
1108 3451 1259 3507 consueto
1283 3443 1425 3507 Sessioni
1447 3442 1521 3507 huic
1545 3442 1643 3514 linem
1665 3445 1722 3507 im·

225 3551 340 3635 posuit

631 3797 785 3866 Quarta
803 3794 1076 3866 Consecutio
1097 3796 1319 3863 gener-ens.

326 3987 388 4051 Die
403 3990 524 4050 decima
539 4011 626 4051 nono
641 3987 840 4073 Septembris
857 3987 947 4070 1860,
970 4009 1053 4073 quae
1076 3997 1145 4051 erat
1163 3989 1249 4064 feria,
1259 3995 1374 4074 quarta
1388 3986 1472 4050 infra
1487 3985 1722 4051 hebdomadem

225 4095 417 4159 Dominieae
438 4094 530 4158 XVI.
552 4105 625 4180 post
640 4094 864 4177 Pentecosten,
888 4095 1072 4159 hermitorio
1093 4098 1250 4160 matutina
1270 4099 1305 4160 in
1327 4097 1463 4160 oratorio
1486 4096 1649 4158 seminarii
1671 4116 1721 4156 ar-

224 4201 473 4286 chiepiscopalis
495 4200 607 4264 habita
636 4209 685 4262 est
707 4201 925 4284 Congregatio
947 4203 1108 4286 generalis
1138 4213 1267 4287 quarta,
1295 4204 1338 4267 ad
1367 4224 1465 4288 quam
1487 4224 1598 4265 omnes
1620 4200 1722 4285 Syno-

227 4308 318 4372 dales
339 4311 496 4394 exeeptis,
519 4311 574 4394 qui
596 4307 738 4391 legitime
761 4310 907 4372 excusati
930 4318 1031 4394 erant,
1054 4317 1284 4375 convenerunt.

322 4435 453 4498 Initium
475 4435 546 4519 ejus
562 4443 716 4498 consueto
731 4435 826 4498 modo
841 4458 901 4521 per
913 4436 1045 4499 rituales
1060 4458 1174 4522 preces
1189 4436 1232 4500 ab
1246 4437 1507 4501 Eminentissimo
1519 4433 1723 4518 Metropolita

227 4543 341 4624 dictas,
373 4542 493 4606 saecun
527 4552 585 4624 est,
618 4551 651 4605 et
672 4541 781 4627 plures
804 4565 821 4605 e
844 4544 948 4628 Olera,
971 4546 1026 4629 qui
1054 4553 1090 4607 ut
1111 4544 1362 4628 Congregationi
1391 4545 1548 4605 interesse
1581 4551 1722 4626 possent,

225 4658 429 4735 rogaverant,
462 4648 715 4712 assentientibus
748 4649 899 4715 Patribus
931 4651 1067 4715 Concilii
1090 4651 1223 4716 admissi
1246 4658 1329 4732 sunt,
1363 4651 1479 4713 secreti
1506 4652 1722 4735 sponsionem,

227 4766 383 4843 quantum
405 4779 485 4842 opus
508 4767 587 4841 erat,
610 4762 803 4823 emittentes.
1426 4770 1429 4775 ’
1530 4770 1534 4777 “

326 4864 583 4930 Considerationi
610 4867 821 4953 Synodalium
844 4869 914 4952 jam
940 4866 1221 4944 Eminentissimus
1248 4867 1453 4953 Metropolita
1479 4871 1647 4954 proposuit
1673 4888 1722 4951 ea,
1798 4864 1801 4868 ’

226 4993 310 5057 quae
332 4971 423 5036 titulo
445 4974 587 5038 seeundo
610 4977 649 5038 ds
669 4978 753 5040 Fide
774 4985 805 5039 et
826 4977 1027 5040 institutione
1048 4977 1206 5040 catholice
1234 4975 1439 5039 decernenda
1469 4977 1541 5040 visa
1573 4983 1657 5057 sunt,
1691 4984 1723 5037 et

227 5102 361 5165 quorum
383 5102 522 5144 examen
542 5081 737 5167 particulare
759 5085 863 5168 prima
885 5084 1075 5151 Commissio
1097 5083 1285 5169 perplures
1308 5083 1378 5147 dies
1399 5085 1590 5146 instituerat
1624 5081 1722 5145 Lecto

226 5210 420 5284 unoquoque
442 5191 549 5281 capite
574 5189 769 5284 Synodales,
797 5194 825 5255 si
853 5192 932 5286 quid
952 5191 1276 5259 animadvertendum
1296 5189 1465 5275 haberent,
1487 5198 1523 5255 ut
1543 5189 1578 5253 id
1599 5189 1720 5277 profer
