3960 5956
223 304 272 370 ’60

159 513 161 517 ’
229 510 328 592 ritas
367 518 414 589 et·
446 505 548 590 fides
587 505 780 616 operibus
820 503 988 602 debeat·
1007 506 1245 605 monstrari,
1281 505 1482 617 singulari
1509 534 1608 591 cura
1635 514 1725 590 stu-

99 638 104 644 ’
230 643 356 724 deant
393 640 585 722 veritates
625 640 837 749 religiosas
865 667 951 721 non
980 640 1203 721 memoriae
1232 649 1395 722 tantum
1425 649 1467 721 et
1499 639 1725 722 intellectui

231 775 305 857 sed
342 784 384 855 et
423 773 615 856 cordibus
650 773 915 899 parvulorum
955 773 1131 855 inserere
1170 783 1212 854 et
1249 774 1293 854 in
1323 800 1465 855 eorum
1494 774 1655 882 praxim
1685 783 1727 854 et

157 987 159 991 ,
230 908 360 989 vitam
391 907 602 988 deducere.

349 1062 465 1165 Quae
504 1066 645 1148 omnia
683 1091 766 1172 quo
797 1063 946 1146 certius
985 1073 1027 1144 et
1065 1061 1269 1146 salubrius
1307 1061 1429 1163 fiant,
1475 1059 1762 1146 Oatechetae.

228 1198 283 1282 ad
311 1197 606 1280 instituendam
628 1200 890 1306 juventutem
920 1224 1005 1277 non
1039 1196 1119 1278 nisi
1147 1196 1232 1279 rite
1252 1197 1484 1306 praeparati
1513 1195 1723 1279 accedant.
1763 1278 1767 1286 ,

229 1331 549 1416 Resuscitantes'
567 1332 745 1442 gratiam
775 1347 881 1438 quae
920 1332 963 1411 irr
999 1330 1057 1412 eis
1097 1338 1159 1412 est
1196 1356 1271 1437 per
1298 1329 1605 1438 impositionem
1633 1356 1725 1412 ma-

230 1493 381 1567 nuum,
427 1465 590 1574 divium
629 1465 836 1548 missionis
880 1473 922 1544 et
960 1462 1193 1573 gravissimi
1236 1462 1300 1545 sui
1338 1464 1519 1547 muneris
1560 1462 1726 1563 conscii,

229 1599 421 1709 prudenti
440 1599 597 1680 fervore
627 1608 669 1679 et
689 1596 862 1706 patienti
891 1622 1031 1678 amore
1049 1594 1231 1704 parvurlis
1252 1587 1407 1678 Christi
1425 1595 1620 1707 frangant
1647 1624 1725 1705 pa-

190 1750 192 1755 ·
228 1760 325 1814 nem
363 1732 473 1813 vitae
502 1742 691 1814 aeternae
731 1742 772 1812 et
810 1731 916 1812 lacte
956 1728 1143 1813 coelestis
1183 1720 1253 1809 eos
1283 1728 1467 1811 nutriant
1502 1728 1724 1811 doctrinae.

344 1886 562 1972 Tenellum
596 1918 767 2001 gregem
806 1891 850 1971 in
884 1889 1071 1970 doctrina
1104 1887 1314 1998 religionis
1351 1887 1609 1972 instituentes
1639 1913 1725 1969 non

230 2051 373 2107 omnes
402 2024 584 2106 muneris
613 2023 676 2105 sui
706 2032 843 2131 partes
871 2049 916 2107 se
946 2031 1093 2130 putent
1122 2019 1359 2128 explevisse.
1394 2019 1585 2129 Ipsorum
1614 2017 1726 2101 enim
1771 2118 1775 2124 ν
1845 2132 1848 2137 ¹

228 2148 311 2258 esi,
350 2157 564 2265 providere
593 2177 778 2264 quoque,
808 2165 856 2237 ut
877 2144 1086 2263 juventus,
1118 2181 1224 2262 quae
1260 2154 1304 2235 in
1333 2152 1485 2238 scholis
1515 2151 1723 2252 didicerat,

230 2288 317 2372 vita
347 2292 388 2370 et
417 2288 600 2371 moribus
629 2299 778 2370 teneat.
831 2284 1092 2399 Quapropter
1120 2287 1381 2370 occasionem
1409 2286 1469 2368 illi
1498 2283 1725 2396 praebeant

231 2421 515 2504 exercitiorum
535 2420 644 2502 vitae
664 2448 759 2502 vere
779 2419 1034 2519 eluistianae,
1062 2430 1235 2527 eamque
1255 2420 1422 2534 propria
1451 2420 1569 2529 quasi
1597 2445 1726 2501 manu

229 2555 274 2636 in
302 2554 374 2663 illa
402 2552 619 2657 inducant,
648 2551 927 2650 confessiones
957 2554 1045 2662 ejus
1074 2551 1254 2663 benigne
1283 2553 1505 2662 excipiant,
1541 2562 1726 2634 teneram

231 2687 492 2769 devotionem
528 2714 627 2796 erga
666 2685 971 2769 sanctissimum
1002 2678 1334 2785 Sacramentum,
1375 2685 1599 2795 Deiparam
1628 2683 1725 2767 Vir·

230 2821 370 2931 ginem
416 2828 457 2899 et
500 2816 686 2927 Angelos
741 2815 966 2916 Custodes,
1011 2829 1135 2926 prout
1175 2815 1431 2901 obedientiae
1476 2829 1517 2900 et
1564 2818 1725 2928 purita-

231 2954 284 3035 tis
330 2978 513 3033 amorem
563 2949 755 3032 cordibus
804 2950 1026 3049 instillent,
1080 2944 1175 3032 fidei
1224 2978 1322 3032 vero
1376 2940 1429 3032 et'
1464 2951 1725 3034 innccentiae

230 3065 459 3195 periculosa
488 3070 746 3186 removeant3
787 3085 1033 3166 commercia
1071 3093 1196 3190 atque
1226 3083 1397 3192 scripta,
1437 3112 1544 3194 quae
1584 3083 1725 3194 religi·

230 3246 326 3301 osae
357 3227 398 3299 et
426 3216 572 3298 morali
601 3216 826 3326 integritati
856 3217 943 3325 ejus
962 3217 1186 3325 perniciem
1207 3217 1427 3317 minantur,
1457 3214 1723 3326 prohibeant3

230 3352 274 3434 in
303 3377 452 3461 genere
490 3348 754 3458 invigilantes
798 3349 1097 3447 conversationi
1133 3347 1265 3432 bonos
1295 3348 1545 3450 confortent,
1580 3333 1725 3433 laben·

230 3494 292 3566 tes
332 3484 512 3592 erigant,
554 3481 687 3564 malos
717 3491 941 3585 co‘e‘rceant.
1002 3480 1076 3563 Pia
1106 3481 1247 3563 eorum
1278 3483 1330 3564 de
1361 3461 1581 3589 juventute
1619 3479 1726 3565 bene
1763 3522 1768 3529 ·

229 3615 443 3699 educanda
462 3617 681 3698 conamina
707 3615 884 3696 multum
907 3613 1116 3723 juvabunt
1144 3614 1284 3698 selecti
1312 3613 1422 3716 libri,
1452 3614 1724 3700 adultioribus

230 3733 487 3859 porrigendi,
519 3747 615 3829 hinc
635 3749 690 3830 ad
710 3749 899 3856 quamvis
920 3748 1125 3847 scholam,
1157 3747 1304 3830 saltem
1332 3749 1376 3830 in
1397 3749 1510 3830 omni
1530 3745 1726 3857 parochia

162 3972 167 4003 Ι
230 3890 470 3990 procuretur
499 3876 750 3962 bibliotheca
770 3908 891 3962 curae
911 3881 1132 3964 commissa
1152 3877 1480 3981 Cateohetarum,
1509 3878 1726 3988 quihbros

231 4012 468 4125 indigentiis
488 4015 717 4120 petentium
737 3996 1011 4123 congruentes
1026 4013 1283 4096 distribuant.
1305 4012 1422 4096 Libri
1437 4023 1726 4123 comparentur

230 4174 315 4228 non
353 4145 602 4255 phantasiis,
641 4145 803 4228 etiamsi
841 4147 935 4255 piae
974 4134 1209 4244 videantur,
1249 4145 1425 4228 nimium
1462 4146 1726 4257 indulgentes.

231 4278 306 4362 sed
333 4279 488 4361 tenoris
517 4279 655 4387 potius
684 4279 887 4380 historici,
927 4280 993 4360 vel
1030 4279 1101 4386 qui
1130 4279 1221 4362 aliis
1250 4278 1386 4361 modis
1416 4279 1633 4363 salubriter
1659 4280 1726 4362 in-

232 4421 414 4514 struunt;
447 4412 569 4494 simul
599 4421 738 4493 autem
768 4413 963 4494 continuo
986 4408 1264 4522 vigilandum,
1293 4440 1347 4494 ne
1377 4405 1500 4495 nimis
1522 4410 1727 4521 frequenti

230 4544 427 4659 librorum
457 4544 711 4653 porrectione
730 4543 984 4654 periculosus
1012 4544 1177 4656 legendi
1205 4547 1384 4654 pruritus
1404 4545 1613 4646 excitetur,
1642 4570 1726 4654 quo

231 4675 402 4785 abrepta
431 4675 566 4759 labilis
579 4678 777 4786 juventus
797 4678 1062 4787 propinatum
1081 4705 1297 4788 perversae
1322 4676 1510 4762 lectionis
1529 4679 1726 4788 poculum

232 4809 301 4889 vix
331 4809 432 4891 sciet
461 4809 664 4891 declinare
693 4809 839 4892 furtive
868 4809 1038 4893 brachio
1067 4811 1274 4922 projicere.
