3960 5956
241 282 281 364 ar

240 483 352 580 chus,
384 511 478 563 omn
509 511 559 563 eo
588 482 796 589 conjuncti
826 490 985 589 partem
1015 482 1153 590 gregis
1184 480 1335 564 Christi
1368 482 1560 582 efficiunt,
1591 485 1645 566 ab
1680 513 1730 567 eo

240 615 378 722 itaque
413 613 651 722 praesertim.
692 612 906 711 ,audiant,
947 614 1018 719 qui
1058 614 1145 696 dies
1184 612 1276 695 festi
1301 609 1388 721 -per
1427 615 1730 701 hebdomadem

239 746 422 845 colendi,
463 773 569 853 quae
598 744 785 853 vigiliae,
818 745 1029 852 jejuniave
1059 744 1261 826 servanda
1290 747 1392 845 sint,
1429 774 1536 857 quae
1571 749 1731 858 suppli-

239 879 441 976 cationes,
479 877 762 984 processiones
800 876 867 957 vel
905 878 1122 976 stationes,
1168 879 1389 977 orationeS,
1435 879 1728 990 indulgentiae,

174 1078 177 1084 .
232 1007 417 1116 jubilaeo
446 1008 699 1110 indicantum
740 1035 846 1114 quae
870 1010 1226 1092 matrimoniorum
1252 1010 1582 1093 denuntiationes
1607 1009 1730 1116 fiant3

239 1169 345 1250 quae
374 1143 472 1223 item
512 1168 588 1249 pro
618 1142 774 1223 ratione
804 1151 1044 1249 temporum·
1066 1141 1282 1223 admonitu
1303 1145 1476 1250 jussuve
1503 1143 1731 1253 episcopali

238 1273 292 1356 ad
327 1273 628 1383 diligentiorem
669 1301 811 1353 eorum
842 1273 1139 1356 institutionem
1179 1275 1502 1384 promulgentur.
1511 1283 1528 1320 “
1593 1274 1731 1385 Hujus

238 1406 297 1514 rei
325 1407 571 1514 gravitatem
590 1403 889 1512 perpendentes
918 1406 1199 1507 meminerint,
1235 1434 1344 1507 „non
1373 1399 1508 1489 solum
1538 1407 1730 1517 parocia-2

240 1537 346 1618 alem
363 1537 578 1618 ecclesiam
601 1536 684 1619 sibi
695 1535 835 1617 datam
851 1564 949 1636 esse,
972 1538 1016 1618 in
1036 1566 1119 1646 qua
1138 1540 1318 1646 primum
1338 1537 1545 1648 baptismo
1560 1567 1729 1650 suscep-¹

239 1679 284 1788 to
305 1665 470 1750 Christo
485 1668 668 1750 Domino
684 1669 824 1768 renati,
842 1669 1014 1778 aliisque
1036 1667 1310 1753 Sacramentis
1325 1672 1490 1753 almitur
1508 1672 1563 1753 ad
1582 1700 1729 1782 perpe·

230 1810 353 1881 ‘tuam
372 1801 557 1900 salutem,
579 1801 652 1892 sed
666 1800 897 1908 parochum
918 1801 1043 1882 etiam
1064 1802 1318 1884 sacerdotem
1338 1802 1416 1886 sibi
1437 1804 1528 1885 loeo
1548 1805 1730 1912 parentis

238 1960 327 2015 esse
346 1933 494 2016 debere
506 1928 519 2037 3'
546 1935 626 2015 hoc
645 1943 934 2042 proponentes,
956 1933 1073 2014 illum
1093 1961 1170 2041 pro
1189 1932 1380 2016 fidelibus
1400 1932 1479 2035 sibi
1499 1936 1730 2019 conanimis

238 2065 350 2174 apud
368 2063 507 2147 Deum
527 2067 823 2160 internuntium
843 2093 893 2146 ac
913 2063 1219 2173 deprecatorem
1240 2093 1338 2164 esse,
1360 2065 1524 2149 divinae
1537 2066 1644 2178 legis
1663 2067 1728 2151 in·

236 2207 466 2305 terpretem,
497 2227 523 2279 a
552 2226 635 2307 quo
656 2226 778 2281 omne
806 2207 949 2304 petant
969 2199 1036 2305 pie
1056 2208 1245 2305 reeteque
1265 2198 1417 2308 agendi
1438 2199 1667 2301 consilium,
1688 2210 1729 2283 et

237 2331 508 2413 ministerium
525 2333 710 2412 omnium
726 2329 943 2438 fere,‚quae
960 2330 1016 2430 ad
1032 2330 1206 2412 salutem
1221 2332 1280 2412 eis
1296 2333 1526 2413 necessaria
1545 2339 1677 2414 sunt“
1691 2327 1731 2412 5).

352 2497 632 2579 Paroehorum
661 2506 799 2577 autern
822 2495 1004 2610 maxima
1033 2522 1131 2576 cura
1160 2496 1232 2593 sit,
1263 2494 1645 2603 frequentationem
1661 2496 1726 2578 di-

236 2629 426 2709 vinorum
458 2628 689 2709 officiorum
719 2627 912 2710 omnibus
942 2627 1077 2708 modis
1107 2620 1360 2734 promovere.
1407 2627 1572 2710 Praeter
1606 2630 1738 2743 insti-¹

235 2762 414 2844 tationes
444 2771 485 2842 et
514 2762 773 2858 monitiones,
804 2788 910 2868 quae
940 2761 1103 2867 saepius
1132 2760 1220 2842 fieri
1259 2759 1427 2861 debent,
1465 2762 1620 2843 cultum
1661 2746 1737 2845 (ἰί-Ι

236 2894 378 2974 vinum
409 2895 565 3001 populo
586 2893 787 3004 dignitate
817 2902 857 2973 et
877 2891 1024 2974 decore
1043 2907 1214 2974 suavem
1234 2903 1275 2974 et
1304 2893 1501 2976 dilectum
1530 2894 1724 2998 reddant3

236 3019 418 3107 fidelium
463 3018 693 3108 necessitati
741 3035 793 3105 et·
826 3025 1047 3106 commodo
1093 3025 1357 3107 inservientes
1403 3026 1544 3139 divina
1572 3026 1724 3108 'officia

235 3158 338 3239 hora
356 3154 597 3266 praestituta
617 3156 874 3240 exactissime
904 3168 945 3238 et
965 3157 1217 3238 strictissime
1243 3159 1459 3266 incipiant,
1490 3161 1619 3241 nimia
1648 3186 1724 3240 nec

235 3289 434 3372 brevitate
474 3318 551 3372 neo
580 3289 839 3399 longitudine
879 3316 950 3370 eos
989 3299 1061 3369 aut
1100 3289 1379 3372 scandalizent
1418 3300 1490 3372 aut
1528 3289 1722 3400 fatigent;

234 3422 357 3503 horas
386 3451 484 3504 vero
515 3424 572 3502 ita
601 3422 833 3530 disponant,
864 3430 911 3500 ut
939 3420 1045 3501 inter
1074 3418 1246 3502 Sacrum
1276 3423 1525 3504 matutinum
1555 3432 1596 3504 et
1621 3420 1723 3503 Mis-

235 3582 324 3635 sam
354 3583 559 3636 summam
590 3553 796 3659 sufficiens
830 3552 1028 3659 temporis
1063 3553 1324 3634 intervallum
1354 3554 1598 3653 intercedat,
1639 3580 1724 3662 quo

235 3684 376 3769 fideles
406 3687 625 3770 commode
660 3688 771 3768 vices
800 3685 1000 3766 alternare
1040 3687 1210 3792 possint.
1273 3685 1469 3768 Similiter
1498 3685 1722 3794 pomeridi-

235 3847 360 3900 anum
392 3820 548 3901 cultum
580 3818 767 3901 divinum
796 3819 899 3900 hora
927 3845 1004 3899 nec
1034 3819 1156 3899 nimis
1192 3827 1353 3899 matura
1381 3828 1520 3927 agant,
1550 3846 1628 3900 nec
1656 3818 1722 3899 ni·

236 3951 314 4033 mis
353 3953 397 4032 in
429 3979 565 4033 serum
594 3951 778 4055 trahant3
816 3951 859 4031 in
900 3973 982 4058 quo
1022 3951 1258 4061 peragendo
1292 3952 1528 4059 ceteroquin
1567 3950 1722 4033 Rituali

236 4112 311 4192 pro
341 4083 421 4165 hac
450 4085 664 4192 provincia
693 4084 932 4192 propediem
964 4083 1124 4165 edendo
1155 4084 1373 4165 insistant.⁴

351 4288 389 4368 2.
412 4284 505 4384 Quo
527 4285 676 4366 certius
692 4295 901 4393 praeterea
921 4283 1008 4378 dies
1028 4294 1166 4365 sacros
1186 4281 1337 4365 devota
1362 4281 1720 4365 Sacramentorum

233 4418 503 4527 susceptione,
534 4418 605 4524 pio
635 4416 747 4498 cultu
774 4417 1012 4510 domestico,
1043 4416 1238 4513 oratione,
1269 4414 1445 4498 lectione
1475 4442 1601 4514 sacra,
1631 4442 1720 4497 me·

235 4548 433 4631 ditatione
453 4551 540 4630 sive
560 4550 731 4657 privata,
763 4551 849 4629 sive
869 4576 942 4657 per
960 4548 1159 4659 familiam
1185 4549 1407 4648 communi,
1428 4577 1504 4630 nec
1524 4576 1609 4630 non
1630 4576 1721 4630 om-

231 4680 412 4762 nimodis
432 4682 678 4764 christianae
703 4682 913 4765 charitatis
943 4679 1137 4789 operibus
1167 4680 1425 4763 sanctificare,
1451 4691 1633 4790 oportet:
1669 4707 1720 4762 eo

232 4812 457 4919 impensius
487 4813 628 4895 fideles
658 4825 820 4896 nostros
850 4839 1046 4923 rogamus
1076 4824 1117 4892 et
1146 4841 1220 4920 per
1246 4840 1430 4896 amorem
1460 4811 1540 4894 Dei
1580 4811 1720 4895 obtes-

280 5072 304 5154 ⁵)
329 5071 419 5135 Idem
442 5071 539 5136 (bne.
563 5072 691 5137 Mediol.
719 5072 779 5137 loc.
802 5095 899 5160 supra
921 5076 972 5136 cit.
