3960 5956
355 286 468 352 XVIII

456 485 564 552 Finita
593 485 785 553 chtIone
811 482 1096 573 archiepiscopalis
1124 484 1347 550 Cancellarius
1373 487 1504 552 uomina
1524 487 1663 552 omnium
1686 496 1719 552 et
1740 491 1848 574 singu·

355 594 476 676 lom,
503 592 546 657 ad
574 592 659 658 hanc
681 592 847 679 Synodum
869 601 1148 678 congregatorum,
1170 592 1301 679 publice
1322 593 1417 678 legit3
1440 603 1472 659 et
1493 592 1535 659 ab
1557 593 1630 678 illis,
1652 597 1707 681 qui
1729 617 1749 660 a
1770 618 1847 681 qua·

356 715 427 769 tuor
453 703 610 790 Capitulis
638 702 895 779 cathedralibus,
929 727 949 768 a
977 703 1147 789 collegiato
1174 726 1268 791 porro
1296 701 1540 791 Vyiehradensi
1568 710 1600 766 et
1626 725 1646 766 a
1679 701 1848 768 Facultate

354 811 536 897 theologica
564 812 709 898 deputati
738 813 881 899 luemnt,
909 817 1142 900 procurationis
1172 817 1386 893 instrumenta
1411 813 1635 899 Metropolitae
1663 810 1848 876 exhibenda

356 918 582 1007 expostulavit,
615 941 699 1005 quae
731 920 822 1007 jussu
844 920 1096 985 Eminentissimi
1119 920 1249 984 Domini
1274 921 1447 986 Judicibus
1476 920 1686 1005 synodaIIbus
1708 918 1751 983 ad
1772 941 1848 983 exa·

356 1048 429 1091 men
451 1029 623 1092 commissa
645 1025 741 1091 stab
763 1025 877 1091 iisdem
900 1025 1037 1113 probata
1059 1037 1142 1090 sunt.

853 1321 1069 1392 θεωοςιιι
1104 1322 1379 1393 firmianum,

493 1452 699 1535 praeside·
720 1451 1052 1537 Emiuqerrtiesimo
1081 1448 1345 1531 Metropolito
1373 1459 1710 1532 concrepatorum.

611 1632 640 1695 1.
673 1622 1021 1698 Reuereudissirue'
1050 1639 1084 1694 et
1110 1629 1392 1696 illustrissimi
1423 1632 1591 1696 Patres:

457 1763 595 1828 Carolus
616 1764 748 1829 Borom.
769 1764 874 1840 Harl,
897 1763 1080 1850 EpIscopus
1101 1762 1471 1848 Reginaehradeccnsia

457 1872 663 1954 Aepuatinus
684 1871 836 1936 Barthol.
859 1870 962 1946 que,
984 1870 1166 1957 Episcopus
1187 1854 1458 1937 Litomen'ceusis.

456 1978 601 2041 Journes
630 1976 828 2042 Valerianus
849 1977 966 2051 Rrse'lr,
989 1977 1171 2063 Episcopus
1193 1975 1577 2044 Bohemo·Budvicenois.

457 2082 578 2154 Petrus
604 2081 725 2144 lianc.
751 2082 882 2166 Krejc‘i,
910 2079 1092 2167 Episcopus
1118 2079 1295 2169 Oropensis
1321 2091 1419 2168 atquo
1453 2084 1704 2151 Eminentissimi
1733 2084 1852 2149 Metro·

360 2191 480 2277 politas
502 2189 654 2256 Vicarius
680 2189 859 2254 Generalis.
1070 2271 1072 2274 Α

596 2371 646 2435 ΙΙ.
669 2373 947 2454 Capitulorum
969 2373 1272 2438 cathedralium
1292 2375 1614 2437 Procuratores:

769 2544 910 2631 Capituli
932 2546 1168 2632 metropolitani
1191 2549 1441 2631 Propeneis:

458 2681 486 2743 1.
519 2679 722 2744 Wrssceslcus
750 2679 860 2766 Emer
882 2677 923 2742 de
951 2677 1150 2742 Wriclavic'elc
1170 2701 1197 2742 s.
1219 2681 1385 2767 metropol.
1408 2679 1565 2745 ecclesiae
1587 2681 1794 2766 Praepositus
1816 2702 1855 2746 ao

353 2789 482 2874 primus
504 2786 683 2869 Praslatus‚
706 2807 748 2850 ss.
772 2785 868 2851 theol.
890 2786 1022 2851 Doctor.

460 2896 491 2957 2.
513 2894 669 2958 Nicotaus
695 2894 820 2968 Tomelr,
844 2915 869 2956 s.
891 2894 1057 2979 metropol.
1079 2892 1236 2958 ecclesiae
1257 2893 1412 2958 Decorus
1439 2903 1472 2959 et
1493 2894 1672 2978 Praelatus,
1695 2915 1737 2961 ss.
1759 2894 1856 2960 theol.

360 3000 491 3065 Doctor.

272 3086 278 3094 ⁴
459 3109 491 3173 3.
513 3107 684 3191 Adelphos
712 3108 846 3190 Wtirsel,
869 3130 895 3171 s.
912 3107 1080 3193 metropol.
1102 3107 1259 3173 ecclesiae
1282 3110 1465 3203 Canonicus
1486 3118 1519 3173 et
1540 3131 1583 3173 ss.
1605 3109 1701 3175 theol.
1724 3109 1857 3175 Doctor.

550 3300 556 3313 ·
677 3279 817 3366 Capituli
840 3279 1036 3344 cathedralis
1058 3282 1534 3423 Repiuoelrudeqppsis:

462 3434 490 3495 Ι.
513 3430 659 3496 Ioannes
682 3430 778 3504 Rois,
812 3428 971 3493 ecclesiae
993 3436 1027 3493 et
1047 3429 1190 3515 Capituli
1212 3431 1377 3498 Decanus.
1418 3426 1421 3431 ’

461 3540 492 3603 2.
521 3537 724 3604 Wsncealous
745 3539 893 3619 Hrds'uo,
916 3538 1062 3620 ejusdem
1085 3537 1226 3624 Capituli
1249 3540 1442 3625 Canonicus,
1466 3563 1508 3605 ss.
1533 3539 1630 3608 theol.
1653 3540 1784 3606 Doctor.

736 3710 878 3797 Capituli
901 3711 1096 3798 cathedralis
1118 3712 1483 3778 Litomsrioensis:

462 3863 490 3924 1.
512 3858 673 3943 Josepltua
695 3861 834 3944 Pssiser,
857 3859 1015 3925 eeclesiae
1036 3870 1069 3924 et
1091 3859 1232 3948 Capituli
1254 3860 1448 3944 Gemmeus,
1470 3861 1589 3928 Illustr.
1603 3861 1757 3949 Episcopi
1772 3861 1857 3928 Lito·

363 3968 550 4034 maticensis
572 3966 722 4033 Vicarius
744 3965 915 4052 generalis.

296 4066 355 4169 fus·
398 4088 401 4097 '
461 4076 493 4139 2.
514 4075 675 4156 Joeeplus
696 4071 896 4150 summan,
916 4072 1064 4161 ejusdem
1090 4073 1231 4159 Capituli
1254 4074 1447 4141 Canonicus.

774 4244 916 4336 Capituli
937 4247 1133 4315 cathedralis
1159 4248 1453 4315 Buduiceosis:
1479 4254 1488 4264 '

461 4400 489 4460 I.
517 4396 715 4461 Adultertus
742 4394 877 4481 Moles-y,
910 4397 1068 4463 ecclesiae
1096 4407 1129 4462 et
1155 4397 1297 4483 Capituli
1324 4399 1522 4480 Careamus,
1553 4398 1672 4464 Illustr.
1702 4398 1858 4485 Episcopi

363 4502 577 4570 Budricensis
606 4503 757 4568 VIcarius
785 4503 956 4588 generalis,
979 4525 1022 4569 ss.
1045 4504 1141 4569 theol.
1163 4503 1294 4570 Doctor.

360 4676 368 4690 ‚
463 4612 495 4675 2.
520 4613 666 4676 Ioannes
692 4612 851 4694 sesemel,
879 4612 1025 4697 ejusdem
1054 4612 1196 4698 Capituli
1223 4613 1407 4678 Cauouious
1430 4621 1462 4676 et
1483 4615 1624 4678 civitatis
1646 4612 1859 4678 Budvicensis

365 4720 528 4786 Decanus.

804 4871 872 4934 III.
907 4870 1101 4933 Proeluti
1122 4868 1407 4951 Repulorinm:

466 5019 492 5078 1.
506 5017 646 5080 locotus
660 5018 756 5092 Beer,
779 5018 858 5082 Ord.
873 5019 1121 5101 Cmcigerorum
1144 5037 1217 5080 cum
1240 5015 1343 5082 rubea
1365 5016 1458 5082 stella
1477 5015 1646 5082 Generalis
1667 5036 1706 5079 ac
1721 5014 1860 5098 Magnus

368 5119 535 5206 Magister,
558 5143 600 5186 ss.
623 5121 718 5186 theol.
741 5121 872 5186 Doctor.
