3960 5956
110 458 117 469 Δ
200 442 203 447 ,
288 353 480 421 xxxam

389 554 420 616 4.
443 554 619 618 Notarium
641 554 776 620 Caecilii
796 553 980 642 praefatum
1002 554 1212 638 designamus
1239 551 1399 618 Balesium
1420 551 1548 637 Meyer.

386 708 418 770 5.
447 707 627 792 Mopictroa
659 711 956 773 coeremoniarum:
989 707 1170 794 praelatum
1199 709 1422 773 constitiimus
1443 691 1633 774 Eduardum
1653 708 1787 791 Tersch,

289 822 322 877 et
350 835 376 878 s.
399 823 532 901 metrop.
555 814 633 880 eccl.
656 814 831 880 Sacristam
852 814 1015 880 Wencesl.
1038 813 1238 880 Kratochvil.

393 948 533 1033 Agenda
548 947 744 1014 Officialium
765 950 799 1012 in
813 950 918 1035 prima
932 947 1055 1033 Synodi
1070 948 1328 1034 congregatione
1343 947 1488 1033 generali
1501 950 1562 1013 rite
1576 948 1791 1034 publicentur.
1931 1048 1934 1051 ,
1969 904 1972 909 ἡ

352 1182 536 1247 Decretum
555 1182 599 1244 da
619 1150 850 1259 publicatione
870 1183 1096 1246 ordinationis
1115 1183 1333 1247 mmnunm
1353 1185 1468 1261 quoad
1488 1183 1724 1248 residentiam.

387 1361 596 1437 Evidentes,
628 1360 661 1426 S.
683 1361 721 1425 R.
743 1361 781 1425 Ε.
797 1349 993 1426 Ὀιιάἰιιιιιίε
1016 1361 1301 1447 Schwaraenberg,
1329 1361 1498 1428 Ecclesiae
1521 1363 1788 1450 metropolitanae

290 1467 465 1553 Pragensis
487 1467 771 1555 Archiepiscopus.
1497 1559 1502 1567 .

387 1590 545 1672 Quamvis
566 1593 638 1656 Deo
660 1591 849 1657 laetabundi
870 1595 993 1677 gratias
1014 1613 1160 1679 agamus,
1183 1593 1269 1680 quod
1290 1595 1325 1659 in
1347 1595 1408 1658 hao
1429 1596 1596 1680 provincia
1618 1597 1791 1682 sapientis·

292 1702 392 1763 simae
408 1697 542 1764 Concilii
567 1700 748 1764 Tridentini
770 1700 876 1787 quoad
898 1700 1093 1766 servandam
1113 1701 1322 1767 residentiam
1344 1701 1561 1768 ordinationes
1582 1705 1712 1767 minime
1733 1723 1790 1767 ne·

290 1805 471 1892 gligantur:
494 1807 633 1872 decretis
655 1816 764 1874 tamen
785 1809 932 1894 ejusdem
954 1800 1180 1874 sacrosanctae
1203 1808 1326 1896 Synodi
1347 1809 1487 1875 fideliter
1500 1813 1685 1875 insistentes
1700 1832 1789 1875 man·

292 1914 420 1999 damus,
447 1924 496 1998 ut,
524 1915 757 2013 proutsPaires
782 1915 963 1982 Tridentini
989 1918 1189 1999 sancierunt,
1217 1916 1358 1981 Decreta
1379 1916 1421 1981 ab
1444 1916 1562 1981 iisdem
1583 1918 1681 2000 edita,
1704 1939 1788 2004 quae

291 2022 488 2088 servandam
508 2022 716 2112 residentiam
737 2031 944 2105 concernunt,
979 2025 1013 2087 in
1034 2023 1095 2088 hoo
1116 2025 1279 2109 praesenti
1301 2021 1444 2090 Concilio
1466 2021 1717 2111 republiceniur.

388 2155 621 2241 Praelegentur
642 2156 785 2223 Decreta
821 2155 908 2221 Sess.
930 2155 988 2220 VI.
1022 2155 1063 2220 de
1084 2154 1155 2218 Rei.
1173 2174 1255 2241 cap.
1273 2153 1302 2216 1.
1325 2163 1358 2218 et
1393 2153 1480 2220 Sess.
1502 2153 1630 2219 XXHI.
1654 2155 1694 2220 de
1716 2154 1789 2221 Res.

292 2286 365 2352 cap.
390 2266 418 2329 1.
1366 2291 1370 2301 ·

460 2564 464 2569 -
576 2508 760 2582 Decretum
780 2516 975 2579 indicdonis
995 2515 1127 2591 primae
1148 2514 1313 2608 Sessiom
1333 2516 1501 2590 publicae.

385 2697 591 2777 Foiderieus,
619 2694 651 2760 S.
678 2696 716 2796 R.
743 2695 781 2759 E.
811 2692 992 2759 Car'din'alis
1019 2692 1304 2778 Schwaraenberg,
1332 2692 1502 2758 Ecclesiae
1523 2684 1789 2778 metropolitanae

288 2803 463 2888 Pragensis
485 2802 768 2888 Archiepiscopus.

386 2932 547 2999 Consultis
575 2942 608 2997 et
633 2933 882 2997 assentientibus
909 2915 1452 2997 Reverendissimis‘Confratribus
1478 2932 1648 3018 Episcopis
1675 2933 1786 2998 decre·

290 3046 411 3124 vimus,
440 3045 620 3127 iterumque
647 3041 860 3122 decernimus,
887 3049 923 3104 ut
944 3042 1048 3126 prima
1069 3039 1165 3123 hujus
1187 3036 1321 3103 Concilii
1343 3037 1450 3104 Sessio
1473 3038 1604 3126 publica
1626 3041 1787 3106 habeatur

189 3166 192 3171 '
290 3151 464 3214 Dominica
486 3148 560 3212 XV.
582 3157 655 3235 post
676 3149 900 3230 Pentecosten,
922 3150 1083 3233 quaeerit
1105 3147 1156 3210 die
1172 3147 1201 3210 9.
1217 3145 1313 3231 hujus
1328 3149 1448 3210 mensis
1464 3146 1672 3233 Septembris.
1706 3147 1788 3214 Cum

293 3279 332 3321 ea
347 3260 419 3343 ipsa
434 3256 485 3321 die
502 3257 563 3321 hoc
577 3279 661 3321 anno
676 3256 809 3320 Festum
824 3255 881 3322 SS.
890 3255 1035 3320 Nominis
1049 3255 1087 3319 B.
1102 3255 1247 3341 Virginis
1259 3255 1382 3318 blariae
1394 3254 1624 3320 celebrandum
1639 3260 1694 3321 sit:
1708 3279 1789 3342 gau·

290 3364 423 3428 deamus
451 3366 485 3428 in
510 3364 663 3447 Domino,
689 3367 742 3450 pie
768 3372 952 3450 precantes,
979 3372 1016 3427 ut
1041 3362 1261 3427 intercedente
1289 3362 1404 3426 eadem
1430 3362 1570 3448 gloriosa
1578 3365 1727 3451 ,Virgine
1754 3374 1788 3431 et

289 3473 352 3536 Dei
375 3471 538 3536 Genitriee
560 3471 675 3556 Maria,
702 3471 762 3537 sub
786 3473 878 3558 cujus
900 3471 1098 3557 praesidium
1120 3470 1323 3556 confugimus
1344 3472 1378 3534 in
1399 3471 1524 3534 cunctis
1538 3471 1788 3538 necessitatibus

288 3582 417 3663 nostris,
445 3578 611 3665 Synodum
637 3589 842 3665 praesentem
868 3581 1009 3663 visitare,
1039 3579 1209 3664 disponere
1236 3585 1269 3642 et
1294 3575 1488 3641 benedicere
1520 3575 1680 3662 dignetur.
1723 3580 1788 3644 Per

294 3687 458 3753 Christum
478 3687 652 3753 Dominum
674 3697 826 3754 nostrum.
1073 3704 1076 3709 ·

385 3822 508 3886 Datum
530 3820 582 3885 die
604 3821 686 3885 festo
708 3820 894 3885 Natiuitatis
916 3817 954 3881 B.
977 3817 1121 3901 Virginis
1143 3816 1277 3898 Mariae,
1300 3815 1352 3879 die
1375 3815 1405 3878 8.
1418 3814 1617 3901 Septembris
1640 3815 1731 3880 1860.

471 4145 476 4153 .
567 4099 750 4160 Decretum
772 4094 967 4157 indictionis
986 4094 1157 4156 secundae
1177 4093 1342 4155 madonis
1362 4093 1529 4168 publicae.

390 4276 589 4350 masaa,
612 4274 644 4339 S.
666 4274 704 4338 R.
729 4274 767 4339 Ε.
798 4272 978 4338 Cardinalis
1012 4218 1297 4367 Sohparhenberg,
1320 4269 1488 4336 Ecclesiae
1522 4270 1784 4356 metropolitanae

290 4383 464 4469 Pragensis
491 4380 774 4468 Archiepiscopus.
886 4438 890 4442 .

387 4513 547 4580 Consultis
569 4522 602 4577 et
628 4509 879 4577 assentientibus
901 4509 1191 4574 Reverendiasimis
1229 4507 1452 4574 Confratribus
1473 4509 1644 4596 Episcopis
1672 4508 1782 4574 decer·

289 4626 395 4688 nimus
417 4625 451 4686 in
472 4622 619 4703 Domino,
641 4629 678 4684 ut
704 4621 851 4705 proxima
872 4617 968 4703 hujus
988 4616 1121 4682 Concilii
1143 4618 1250 4683 Sessio
1270 4616 1411 4704 publica¹
1423 4616 1604 4681 celebretm
1625 4617 1722 4681 Faria
1743 4616 1785 4680 V.

290 4738 363 4816 post
387 4729 473 4793 hanc
503 4728 716 4809 Dominicam,
748 4747 832 4812 quae
859 4728 920 4789 erit
945 4725 997 4788 die
1026 4725 1074 4788 13.
1103 4725 1200 4810 hujus
1225 4728 1345 4789 mensis
1376 4724 1585 4810 Septembris.
1627 4725 1782 4789 Actiones

289 4843 415 4901 nostras
442 4838 511 4922 ipse
540 4835 699 4900 Dominus
726 4831 911 4918 adjuvando
937 4840 1163 4918 prosequatur,
1190 4840 1232 4929 ut
1262 4832 1531 4919 quemadmodum
1554 4832 1594 4895 de
1620 4831 1707 4896 lelioi
1728 4852 1786 4895 ex·

289 4945 378 5010 ordio
406 4944 602 5029 gaudemus,
625 4942 665 5007 de
687 4940 793 5009 lausto
816 4961 943 5027 quoque
964 4939 1121 5005 laetemur
1142 4941 1297 5028 profectu.
1339 4940 1403 5005 Per
1425 4937 1586 5004 Christum
1607 4938 1782 5003 Dominum

289 5062 443 5117 nostrum.

388 5187 512 5250 Datum
533 5184 704 5250 Dominica
727 5182 801 5248 XV.
823 5191 895 5270 post
915 5183 1142 5266 Pentecosten,
1166 5182 1218 5247 die
1239 5183 1269 5247 9.
1292 5180 1503 5269 Septembris,
1513 5179 1604 5247 1860.
