3960 5956
255 383 256 386 Ἴ
292 293 334 363 16

238 597 239 600 ,
294 502 390 584 dem
429 528 662 585 sermonem
701 529 833 601 suum,
880 502 1009 583 vitam
1049 530 1146 585 vero
1191 513 1232 584 et
1273 529 1442 612 operam
1487 533 1606 589 suam
1655 507 1801 617 negli-x

296 634 448 744 genti.“
463 630 498 715 5)
641 638 644 644 ⁴
1039 662 1040 665 ¹

413 806 521 909 Quia
569 832 667 888 vero
683 804 883 914 publica
922 835 944 888 e
989 835 1105 926 sacro
1154 819 1356 918 suggestu
1403 811 1606 895 institutio
1656 814 1791 895 omni-

294 942 429 1025 modis
467 910 651 1023 fidelium
680 902 918 1064 indigentiis
946 953 1191 1024 succurrere·
1210 942 1364 1051 nequit,
1396 971 1525 1052 quum
1563 972 1698 1054 neque
1737 944 1791 1028 ab

296 1075 488 1159 omnibus
516 1073 766 1181 frequentari
795 1100 928 1181 neque
960 1075 1146 1158 omnium
1186 1076 1325 1183 captui
1364 1087 1406 1158 et
1435 1067 1661 1160 conditioni
1696 1105 1791 1186 per·

295 1205 405 1290 fecte
420 1182 689 1288 accomodata
719 1233 808 1287 esse
827 1207 978 1313 possit.
1010 1207 1171 1314 privata
1195 1208 1397 1291 institutio
1423 1211 1595 1293 accedat
1624 1236 1791 1295 necesse

287 1351 369 1474 est.
421 1338 566 1422 Pastor
595 1336 730 1419 bonus
760 1338 811 1419 de
842 1339 1026 1419 omniurn
1063 1349 1105 1421 11
1134 1340 1391 1452 singulorum
1421 1343 1553 1424 salute
1583 1342 1791 1442 sollicitus,

297 1618 419 1689 nocte
458 1605 733 1688 Nicodemum
773 1607 973 1757 spirituali
1011 1607 1174 1688 animae
1220 1606 1312 1689 cibo
1352 1609 1542 1707 nutrivit,
1587 1635 1664 1690 nec
1706 1635 1793 1689 non

296 1750 534 1823 sanctorum
554 1739 861 1847 Apostolorum
893 1740 964 1847 qui
993 1767 1078 1820 non
1110 1738 1367 1823 cessabant
1356 1769 1399 1821 rn
1414 1740 1596 1850 templo
1615 1751 1658 1823 et
1686 1741 1794 1822 circa

297 1873 443 1955 domos
463 1874 730 1956 (1111111111
713 1872 1081 2022 tevangelizantes
1099 1861 1319 1957 Christum
1346 1872 1506 1955 lesum.
1523 1870 1557 1954 6)
1588 1871 1794 1956 Omnibus

297 2007 437 2088 omnia
466 2005 553 2087 fieri
582 2017 777 2117 satagens
807 2005 953 2114 quavis
980 2016 1130 2087 utatur
1138 2006 1365 2104 occasione,
1396 2034 1489 2088 eam
1518 2007 1644 2088 etiam
1674 2005 1792 2117 ultro

296 2151 498 2249 quantum
522 2141 590 2224 fas
619 2150 701 2239 111,
725 2165 953 2247 quaerens,
984 2148 1031 2219 ut
1059 2139 1229 2247 privatis
1259 2137 1474 2247 colloquiis
1511 2138 1647 2220 lucem
1685 2137 1793 2221 veri·

296 2274 433 2358 tatis
422 2274 576 2382 rgnaris
607 2271 816 2370 ostendat,
854 2271 1048 2352 vitiorum
1077 2269 1268 2355 tenebras
1298 2272 1510 2380 dispellat,
1550 2272 1793 2380 animosque

204 2443 207 2447 ’
295 2407 339 2487 in
368 2407 479 2488 viam
510 2405 659 2488 salutis
683 2404 843 2513 dirigat.
888 2402 938 2483 111
968 2402 1049 2484 hoc
1077 2415 1217 2485 autern
1246 2404 1370 2485 officii
1399 2407 1464 2488 sui
1492 2431 1663 2486 munere
1692 2396 1795 2484 obe-¹

297 2539 409 2622 undo
439 2548 583 2648 utpote
618 2565 703 2619 non
739 2564 829 2618 raro
867 2535 1177 2648 difficultatibus
1217 2537 1341 2645 pleno
1378 2547 1577 2638 aetatem,
1617 2535 1793 2620 conditi·
1847 2633 1851 2641 ¹

296 2682 419 2754 onem
450 2681 492 2752 et
520 2670 707 2753 indolem
723 2697 886 2767 eorum,
917 2666 1164 2777 quibuscum
1184 2670 1393 2780 agendum
1423 2682 1506 2772 est,
1543 2663 1794 2781 cognoscere
1929 2775 1931 2780 A

296 2803 529 2914 agendique
559 2803 730 2885 modum
760 2802 860 2909 ipsis
881 2799 1148 2912 conformare,
1180 2800 1349 2884 effectus
1378 2803 1544 2888 faustos·
1557 2803 1793 2914 provehere,
1818 2877 1823 2885 .
1939 2827 1947 2841 ·

215 2983 217 2987 ·
298 2929 471 3020 sinistris
501 2947 640 3018 autem
671 2963 881 3016 occurrere
918 2923 1081 3033 iritatur,
1120 2944 1166 3014 ut
1194 2935 1283 3016 zelo
1313 2933 1363 3016 ac
1393 2936 1593 3019 charitate
1619 2935 1795 3045 pastoris

298 3070 458 3169 devicti,
480 3069 604 3151 etiam
625 3068 696 3176 qui
716 3078 839 3149 antea
859 3066 1073 3167 noluerint,
1095 3065 1285 3149 benevoli
1305 3068 1540 3178 docilesque
1559 3069 1793 3153 reddantur.

413 3268 566 3349 Parum
608 3294 706 3350 vero
745 3258 1022 3349 intensissima
1061 3277 1273 3375 pastorum
1314 3294 1411 3349 cura
1452 3268 1634 3376 proderit
1661 3253 1794 3348 fideli-

297 3400 385 3500 bus,
416 3401 496 3483 nisi
525 3401 624 3508 ipsis
644 3399 784 3481 animo
804 3398 949 3482 libenti
978 3396 1151 3480 verbum
1172 3398 1250 3480 Dei
1280 3381 1430 3512 audire
1449 3399 1660 3508 placuerit.
1692 3396 1795 3480 Inde

296 3562 380 3617 non
411 3544 573 3616 tantum
607 3544 745 3642 patres
774 3523 1008 3640 matresque
1037 3530 1234 3631 familias,
1274 3541 1321 3612 ut
1357 3532 1401 3612 in
1431 3532 1636 3615 audiendo
1665 3527 1793 3613 verbo

298 3668 438 3758 divino
469 3668 553 3750 suis
572 3664 684 3747 bono
714 3664 903 3774 exemplo
924 3663 1197 3772 praeluceant,
1228 3665 1272 3744 in
1301 3663 1484 3746 Domino
1510 3689 1795 3774 provocamus,
1908 3672 1909 3676 '

298 3799 371 3883 sed
400 3810 441 3880 et
470 3827 614 3881 omnes
644 3809 685 3880 et
714 3797 900 3908 singulos
919 3797 1062 3879 fideles
1083 3823 1404 3896 commonemus,
1435 3807 1482 3878 ut
1511 3794 1713 3906 quidquid
1739 3793 1795 3876 ad

298 3932 604 4041 cooperandum
628 3930 776 4014 fructui
794 3929 1114 4038 ,praedicationis
1135 3939 1341 4038 praestare
1362 3931 1580 4038 potuerint,
1606 3927 1795 4010 fidelissi-

266 4110 268 4114 *
298 4095 364 4148 me
386 4074 605 4174 praestent.
651 4063 845 4145 Multam
866 4063 974 4144 hanc
994 4090 1081 4144 rem
1102 4064 1242 4214 quoad
1269 4063 1455 4145 ordinem
1477 4061 1795 4158 advenientium,

298 4200 506 4284 silentium
521 4208 563 4279 et
578 4194 843 4279 commodum
864 4195 1194 4296 audientiumt
1153 4207 1194 4277 et
1217 4196 1351 4320 ipsam
1375 4196 1558 4277 veritatis
1582 4192 1795 4323 praedicu-

192 4380 194 4383 ·
299 4345 365 4415 tae
395 4331 675 4442 cognitionem
703 4329 884 4411 conferre
909 4339 1113 4436 poterunt.
1153 4314 1334 4410 Maxime
1361 4338 1500 4410 autem
1526 4326 1651 4409 corda
1676 4353 1796 4434 prae-

299 4476 493 4573 parentur
522 4473 569 4545 et
578 4472 771 4578 aptentur
790 4458 844 4543 ad
864 4460 1168 4568 suscipiendam
1185 4461 1415 4543 doctrinam
1435 4459 1653 4570 Evangelii
1682 4468 1792 4541 tam·

299 4625 423 4705 quarn
446 4595 617 4677 verbum
637 4595 718 4677 Dei
738 4595 793 4676 ad
812 4593 1008 4697 salutem3
1030 4623 1079 4675 ea
1098 4621 1206 4693 ver0,
1223 4621 1329 4702 quae
1348 4604 1543 4702 percepta
1560 4592 1711 4674 firerint
1693 4599 1721 4691 t,
1742 4589 1797 4672 ed

298 4731 487 4839 propriae
514 4729 624 4810 vitae
644 4727 974 4809 emendationem
994 4726 1175 4811 studiose
1205 4739 1245 4810 et
1264 4720 1473 4810 humiliter
1492 4735 1794 4810 convertantur.

300 4927 496 4935 -.-—--

345 5007 550 5092 51)1711111
573 5006 771 5098 Chrysostss
763 5031 796 5071 rn
818 5008 1021 5078 Pheretras.
1042 5007 1165 5085 Bonav.
1195 5004 1249 5070 lib.
1275 5006 1302 5069 1.
1326 5027 1396 5090 cap.
1421 5005 1470 5068 15.

345 5116 625 5202 )Joann..3-
584 5116 737 5181 -Acr
733 5115 855 5203 apost
876 5114 907 5178 a.
928 5114 979 5182 42
1050 5090 1078 5141 1
1327 5143 1332 5150 ·
