3960 5956
232 345 270 406 tt

347 538 454 624 Cum
505 542 633 621 nimia
672 540 878 621 festinatio
918 541 960 619 in
1001 539 1291 646 celebratione
1312 539 1463 622 Missae
1507 541 1720 652 religiosas

231 704 348 758 aures
379 673 602 780 oculosque
633 670 816 752 offendat
845 682 887 752 et
915 665 1139 752 immodica
1169 669 1381 777 prolixitas
1400 671 1612 755 fastidium
1642 704 1719 783 po·

77 825 78 829 '
231 809 311 889 tius
342 833 468 914 quam
498 803 760 886 devotionem
791 803 945 912 pariat,
966 829 1110 884 omnes
1146 800 1398 894 celebrantes
1438 806 1719 887 commonefa-

91 962 94 973 ·
232 941 373 1036 cimus,
413 948 459 1017 ut
498 946 714 1042 utramque
753 933 1028 1016 indecentiam
1066 935 1258 1032 vitantes,
1277 962 1280 968 ·
1299 933 1504 1017 ordinarie
1539 924 1719 1019 mediani

232 1070 390 1152 circiter
419 1069 564 1150 horam
594 1066 744 1148 Missae
774 1068 974 1175 privatae·
988 1065 1240 1174 impendant.
1389 1110 1391 1113 ·

347 1217 475 1299 Missa
515 1226 652 1297 autem
693 1215 918 1296 celebretur
956 1225 1117 1295 tantum
1158 1216 1200 1294 in
1240 1215 1333 1295 loco
1368 1215 1424 1295 ad
1453 1215 1566 1296 hunc
1594 1216 1721 1298 finem

232 1325 470 1433 consecrato
501 1348 566 1429 vel
596 1345 825 1447 benedicto,
863 1373 985 1454 super
1020 1346 1141 1426 altan‘
1180 1346 1256 1426 rite
1295 1355 1534 1428 consecrato
1574 1339 1719 1429 saltem

231 1481 424 1592 portatili,
446 1491 486 1562 et
516 1508 610 1561 cum
641 1477 834 1560 ‘omnibus
863 1479 1078 1586 requisitis,
1109 1505 1215 1585 quae
1244 1470 1298 1557 ed
1318 1476 1489 1558 Missam
1519 1480 1720 1587 praescri·

231 1615 395 1697 buntur.
427 1613 476 1694 ln
506 1612 676 1720 privatis
705 1610 865 1691 sacellis
895 1618 936 1691 et
965 1611 1152 1690 oratoriis
1182 1626 1430 1718 numquam,
1451 1612 1531 1692 nisi
1552 1611 1725 1720 obtenta⁴

233 1745 400 1855 speciali
430 1742 622 1824 facultate
648 1742 902 1849 Apostolica,
923 1740 1188 1823 Sacrificium
1218 1740 1368 1822 Missae
1399 1741 1602 1823 offeratur.
1748 1733 1751 1737 ⁴

351 1963 390 2039 2.
436 1957 598 2040 Fideles
628 1985 726 2037 vero
756 1985 829 2064 per
858 1957 1127 2037 reverentiam
1157 1967 1197 2037 et
1236 1985 1419 2037 amorem
1460 1985 1559 2067 erga
1577 1985 1721 2068 augu-

98 2106 102 2112 ’
233 2092 457 2173 stissimum
502 2085 711 2197 religionis
755 2089 996 2196 mysterium
1041 2086 1314 2189 obtestamur,
1369 2100 1416 2169 ut
1460 2099 1722 2174 sacrosancto

233 2215 383 2306 Missae
413 2219 622 2305 Sacrificio
653 2212 891 2330 saepissime
920 2231 961 2302 et
979 2220 1263 2301 ardentissime
1289 2220 1497 2325 intersint;
1527 2248 1614 2303 non
1633 2220 1721 2304 die-

229 2348 312 2438 bus
352 2364 515 2434 tantum
555 2352 774 2436 dominicis
814 2363 855 2433 et
893 2352 1059 2450 festivis,
1099 2351 1172 2456 sed
1211 2362 1252 2432 et
1290 2350 1382 2437 aliis
1411 2352 1496 2434 imo
1527 2352 1721 2461 quotidie,

155 2541 158 2548 ·
235 2494 436 2595 quantum
475 2484 562 2565 fieri
602 2486 743 2593 possit,
784 2485 835 2566 de
874 2468 1057 2566 fontibus
1097 2480 1322 2565 Salvatoris
1351 2483 1543 2566 hauriant
1570 2513 1721 2595 aquam

235 2617 448 2700 salientem
479 2617 522 2695 in
551 2602 680 2697 uitam
711 2625 930 2718 aeternam.
965 2612 1101 2726 ⁸Nihil
1131 2616 1242 2695 enim
1271 2643 1394 2725 agere
1423 2627 1608 2724 possunt,
1639 2645 1723 2727 quo

234 2749 369 2859 magis
398 2745 623 2847 honoretur
652 2746 787 2852 Deus,
817 2776 893 2828 nec
923 2747 1050 2842 ullam
1071 2748 1263 2828 novimus
1282 2749 1470 2857 gratiam,
1502 2777 1607 2858 quae
1637 2779 1723 2833 non

236 2879 422 2979 obtineri,
462 2880 621 2961 nullum
662 2879 858 2979 debitum,
899 2879 1011 2986 quod
1032 2906 1133 2968 ⁴non
1172 2879 1288 2980 solvi,
1326 2908 1403 2961 nec
1431 2882 1722 2982 infirmitatem,

210 3039 343 3121 quae
372 3011 508 3092 sanari
538 3038 623 3093 non
659 3013 791 3120 possit
829 3010 909 3092 hoo
944 3011 1134 3093 mirando
1174 3010 1328 3094 Christi
1368 3011 1589 3114 Sacrificio,
1624 3015 1723 3097 nul·

235 3144 404 3250 lumque
442 3169 548 3250 opus
586 3142 765 3243 bonum,
805 3172 888 3251 quo
927 3144 1012 3225 vivi
1051 3156 1093 3224 et
1130 3145 1282 3225 mortui
1321 3155 1475 3260 queant
1518 3145 1724 3229 efficacius

229 3276 380 3385 juvari.
440 3273 644 3357 Memores
680 3275 918 3384 specialium
959 3276 1176 3374 fructuum,
1216 3277 1287 3385 qui
1327 3278 1370 3358 in
1409 3278 1477 3387 pie
1514 3277 1724 3360 adstantes

235 3407 481 3505 derivantur,
511 3406 634 3488 corde
664 3435 767 3516 puro
798 3407 864 3489 vel
893 3407 1039 3488 saltem
1076 3409 1322 3516 poenitente,
1360 3437 1456 3490 cum
1494 3409 1724 3493 humilitate

237 3551 277 3620 et
304 3521 458 3619 fiducia
482 3537 686 3638 ¹accedant
722 3539 776 3619 ad
805 3539 1000 3621 thronum
1024 3538 1200 3621 divinae
1237 3540 1561 3641 misericordiae,
1600 3551 1724 3651 atque

236 3670 336 3752 dum
365 3668 447 3751 fide
476 3680 518 3751 et
545 3669 692 3751 timore
721 3670 834 3778 pleni
856 3671 1119 3760 ⁴circumdant
1147 3672 1275 3763 altare
1295 3670 1386 3773 Dei,
1417 3655 1615 3755 clraritate
1643 3670 1724 3755 fer·

235 3811 377 3883 ventes
416 3803 658 3910 mysterium
698 3801 906 3890 charitatis
946 3801 1211 3884 devotissima
1249 3813 1387 3886 mente
1426 3804 1723 3902 concelebrent,

237 3961 280 4015 se
308 3934 422 4042 ipsos
451 3932 630 4014 hostiam
659 3931 751 4013 Deo
781 3933 1053 4048 immolantes,
1084 3935 1155 4041 qui
1185 3962 1260 4042 pro
1290 3934 1411 4017 nobis
1447 3935 1598 4026 Hostia
1636 3934 1723 4019 fieri

237 4064 432 4182 dignatus
461 4075 533 4146 est.
763 4046 765 4052 ¹

210 4235 214 4239 ’
354 4211 564 4320 Denique,
604 4214 710 4295 sicut
749 4213 956 4312 lsra'e'litae
995 4213 1093 4293 olim
1129 4214 1225 4295 laeti
1255 4241 1330 4296 sua
1359 4214 1470 4295 dona
1499 4215 1725 4300 offerebant

239 4346 293 4428 ad
323 4346 449 4456 digne
479 4344 797 4428 construendam
826 4344 906 4427 Dei
922 4344 1255 4445 habitationem,
1295 4358 1336 4427 et
1374 4356 1498 4455 prout
1525 4349 1725 4456 primores

238 4478 449 4560 christiani
492 4487 709 4586 patresque
753 4478 882 4559 nostri
912 4476 1015 4559 nihil
1054 4477 1262 4585 antiquius
1302 4476 1554 4578 habuerunt,
1599 4506 1725 4588 quam

238 4611 441 4718 majestati
471 4610 604 4691 cultus
635 4608 764 4691 divini
793 4638 866 4718 per
888 4597 1029 4691 omnia
1047 4608 1283 4717 providere:
1313 4609 1372 4690 ita
1401 4611 1529 4714 nostri
1559 4638 1725 4720 quoque

238 4740 378 4822 fideles
407 4741 562 4850 templa
591 4751 632 4822 et
662 4741 806 4822 altaria
835 4740 1005 4822 Domini
1036 4741 1160 4823 alacri
1191 4739 1327 4822 studio
1352 4769 1508 4841 ornare,
1538 4770 1588 4824 ac
1608 4769 1724 4826 sacro

238 4875 328 4955 zelo
358 4874 519 4974 accensi
548 4874 603 4956 ad
618 4875 807 4978 ,nitorem
838 4873 986 4955 domus
1006 4872 1086 4954 Dei
1113 4873 1318 4981 decusque
1338 4860 1548 4970 sacromm
1567 4884 1723 4982 myste-

238 5005 391 5085 riorum
423 5003 615 5087 omnibus
645 5005 801 5088 viribus
831 5004 1013 5086 conferre
1042 5005 1085 5086 in
1116 5003 1271 5086 deliciis
1301 5003 1492 5086 habeant
