3960 5956
228 320 274 386 16

232 527 529 633 poenitentiam
569 535 855 632 provocantur,
887 526 1095 607 neminem
1115 554 1199 606 non
1220 539 1353 637 urget,
1384 517 1430 608 ut
1450 556 1609 621 sacram
1629 558 1730 610 con·

230 659 451 742 sessionem
476 657 802 766 frequentissime
822 670 1006 767 peragat.
1022 654 1056 736 5)
1088 656 1308 767 Quumque
1331 672 1599 744 sacrosancta
1620 660 1730 769 Syn-

231 791 336 871 odus
357 789 601 871 Tridentino
621 791 854 891 decreverit,
872 801 918 871 ut
938 791 1095 872 alumni
1115 791 1285 873 militiae
1306 821 1444 875 sacrae
1470 794 1730 876 adscribendi

230 923 404 1031 singulis
431 923 576 1003 saltem
602 925 813 1006 mensibus
839 923 1130 1004 confiteantu:
1148 920 1182 1003 6)
1219 952 1270 1005 ex
1292 937 1434 1008 mente
1455 925 1665 1008 Ecclesiae
1689 939 1730 1009 et

230 1054 471 1136 traditiones
498 1058 586 1164 ejus
610 1057 679 1163 pie
699 1067 940 1137 venerantes
964 1055 1247 1137 ardentissime
1274 1067 1477 1164 optamus,
1508 1067 1554 1139 ut
1585 1086 1729 1140 omnes

230 1190 466 1295 provinciae
482 1187 603 1298 hujus
621 1186 781 1287 Clerici,
797 1189 912 1268 salvo
928 1188 1110 1296 generali
1126 1188 1335 1269 Ecclesiae
1351 1175 1572 1297 praecepto
1589 1191 1728 1298 quoad

229 1321 586 1427 praeparationem
604 1320 658 1401 ad
678 1320 849 1402 Missam
867 1330 908 1407 et
928 1319 1199 1401 ministranda
1221 1317 1496 1419 Sacramenta,
1521 1321 1728 1428 salvisque

222 1453 592 1546 constitutionibus
616 1453 886 1562 Regularium
918 1452 1057 1560 quoad
1086 1451 1427 1560 frequentandam
1461 1453 1515 1536 ab
1545 1454 1596 1535 iis
1626 1481 1727 1536 con-
1824 1470 1829 1476 ’

228 1585 459 1696 fessionem,
490 1586 636 1666 saltem
671 1584 857 1692 quolibet
892 1612 1054 1683 meuse,
1085 1597 1126 1665 et
1156 1586 1191 1665 si
1219 1583 1307 1699 fieri
1336 1587 1507 1692 poterit,
1546 1585 1726 1696 crebrius
1805 1634 1827 1642 ·-

206 1718 351 1815 'etiam
382 1719 546 1799 contriti
578 1716 860 1798 confiteantur.

320 1926 381 2002 ‘2.
443 1920 806 2021 Quemadmodum
842 1922 913 2028 qui
949 1922 1075 2002 evitat
1110 1921 1286 2021 discere,
1329 1924 1483 2004 incidet
1517 1925 1561 2005 in
1590 1905 1724 2007 mala:¹

224 2058 282 2136 ita
312 2056 383 2163 qui
403 2056 534 2136 nescit
554 2083 682 2153 orare,
712 2083 798 2135 non
828 2054 1010 2134 inveniet
1039 2053 1161 2133 bona.
1184 2052 1407 2161 Duplieem
1441 2056 1569 2155 illum,
1600 2041 1724 2165 quern

219 2188 412 2302 Elisaeus
455 2188 533 2270 sibi
570 2176 844 2295 poposcerat,
874 2188 1068 2295 spiritum
1106 2185 1338 2267 sacerdotes
1378 2217 1475 2295 prae
1515 2191 1674 2271 ceteris¹
1697 2219 1724 2272 a

223 2319 318 2401 Deo
350 2319 428 2400 sibi
449 2321 669 2427 impetrent
690 2329 871 2426 oportet,
902 2330 948 2399 ut
986 2320 1030 2398 in
1055 2317 1163 2399 illius
1183 2318 1375 2434 videlieet
1395 2321 1543 2400 virtute
1573 2331 1614 2402 et
1643 2322 1722 2430 ipsi
1773 2390 1776 2397 .

223 2453 354 2533 sancti
385 2453 485 2550 sint,
525 2463 565 2532 et
594 2452 698 2532 alios
729 2433 1014 2548 sanctificent,
1043 2480 1117 2558 pro
1149 2479 1192 2531 se
1222 2451 1322 2557 ipsis
1353 2452 1525 2559 pariter,
1567 2482 1617 2535 ac
1646 2484 1722 2563 pro

222 2593 310 2666 toto
339 2595 538 2665 terrarum
569 2583 956 2690 orbe'deprecaturi.
988 2574 1206 2664 Monemus
1236 2584 1375 2692 itaque
1405 2595 1446 2665 et
1466 2576 1721 2670 obtestamur

221 2719 334 2799 viros
374 2717 496 2824 hujus
536 2717 773 2824 provinciae
803 2716 1119 2814 ecclesiasticos,
1159 2725 1204 2796 ut
1233 2717 1410 2809 orationi
1449 2745 1533 2798 non
1571 2720 1719 2818 minus,

190 2880 192 2884 ’
224 2878 350 2959 quam
380 2851 608 2931 ministerio
640 2850 754 2931 verbi
785 2851 983 2930 instantes
1014 2851 1105 2956 sint.
1190 2894 1196 2903 ·
1362 2937 1369 2946 s

337 2981 447 3062 Ante
478 2983 618 3091 omnia
648 2983 816 3090 quidem
837 2984 962 3062 sacris
986 2983 1220 3084 insistentes
1242 2979 1526 3078 Concilionmr
1542 2976 1720 3065 'decretis

139 3147 144 3163 ³
220 3112 402 3196 Clericos
433 3115 476 3194 in
502 3114 627 3195 sacris
657 3116 901 3195 constitutos
931 3125 972 3195 et
1002 3141 1289 3223 quoscumque
1311 3113 1593 3215 Beneficiatos,
1625 3144 1720 3197 cum
1772 3099 1775 3105 Δ

219 3246 274 3326 ad
304 3246 596 3353 persolvendas
627 3247 750 3327 horas
781 3249 1002 3328 canonicas
1032 3256 1256 3344 teneantur,
1299 3246 1511 3327 hortamur
1547 3249 1590 3328 in
1626 3248 1717 3330 Do-

219 3380 345 3479 mino,
377 3389 423 3459 ut
453 3378 594 3459 divino
626 3377 774 3460 Officio
806 3379 942 3488 digne,
973 3389 1127 3460 attente
1163 3406 1212 3460 ac
1242 3379 1389 3459 devote
1420 3378 1716 3477 satisfacientes

101 3546 122 3571 ⁴*
218 3513 401 3593 exaudiri
430 3522 663 3592 mereantur
692 3526 786 3592 ante
818 3523 1084 3619 conspectum
1115 3511 1279 3592 divinae
1308 3509 1546 3618 Majestatis.

334 3644 597 3727 Meminerint
616 3643 866 3740 Beneficiati,
888 3645 1000 3752 quod
1023 3672 1072 3725 ex
1094 3644 1355 3724 ordinatione
1374 3645 1582 3752 generalis
1603 3643 1718 3728 Con-

219 3776 302 3857 cilii
343 3777 633 3858 Lateranensis
674 3776 722 3856 V.
769 3839 786 3876 „
794 3778 966 3885 quilibet
1005 3776 1161 3858 habens
1192 3775 1445 3857 Beneficium
1489 3805 1583 3857 cum
1620 3805 1718 3860 cura
1851 3765 1856 3774 ¹

218 3909 285 3990 vel
316 3911 403 3990 sine
425 3939 531 4007 cura,
564 3911 597 3990 si
630 3920 723 4016 post
749 3938 819 3990 sex
850 3937 1011 3989 menses
1031 3908 1276 3989 abobtento
1299 3896 1505 3998 Beneficio
1527 3909 1713 3999 divinum
1792 3972 1795 3978 -

217 4039 413 4122 Officium
444 4070 529 4121 non
570 4041 732 4134 dixerit,
774 4043 959 4151 legitimo
999 4042 1295 4148 impedimento
1326 4052 1520 4140 cessante,
1553 4039 1714 4123 Benefi-

213 4175 370 4256 ciomm
400 4203 567 4255 suorum
606 4175 760 4256 fructus
801 4204 896 4256 suos
936 4203 1020 4255 non
1060 4174 1184 4256 faciat
1232 4203 1307 4281 pro
1351 4185 1441 4254 rata
1480 4174 1714 4255 omissionis

214 4309 464 4389 recitationis
494 4307 630 4390 Officii
661 4319 703 4388 et
733 4310 940 4416 temporis,
972 4306 1044 4387 sed
1074 4336 1145 4387 eos
1184 4318 1396 4414 tamquam
1442 4308 1590 4414 injuste
1620 4336 1713 4416 per·
1838 4396 1841 4402 ,

215 4453 367 4547 ceptos,
399 4442 441 4520 in
471 4441 647 4522 fabricas
677 4441 914 4548 hujusmodi
937 4440 1238 4522 Beneficiorum
1258 4440 1323 4520 vel
1349 4467 1576 4548 pauperum
1607 4440 1714 4520 elee-

214 4599 412 4678 mosynas
443 4602 611 4682 erogare
642 4583 864 4654 terreatm·.“
887 4570 918 4649 7)

213 4755 409 4764 ...ι-..-

258 4832 282 4913 5)
306 4832 395 4894 Μί88.
419 4833 509 4896 Rom.
533 4832 573 4896 de
596 4848 707 4922 pap.
731 4833 854 4898 sacerd.
881 4835 907 4896 1.
936 4835 962 4895 1.
986 4872 1025 4880 —
1049 4833 1110 4897 Bit.
1142 4834 1232 4897 Rom.
1256 4832 1295 4896 de
1317 4829 1512 4916 generaliter
1534 4833 1711 4898 servandis.
1831 4836 1838 4846 '

258 4941 282 5020 Β)
306 4941 392 5002 Sese.
417 4939 543 5002 XXlll.
569 4940 609 5002 dc
631 4940 771 5004 Reform.
794 4964 864 5026 cap.
890 4942 936 5004 18.
987 4941 1011 5023 ⁷)
1037 4943 1124 5005 Sese.
1150 4941 1209 5003 IX.
1233 4979 1273 4987 -υ
1296 4939 1420 5004 confer:
1443 4938 1576 5004 Constit.
1599 4941 1649 5004 Pii
1671 4941 1711 5003 V.

307 5047 378 5127 „Ex
402 5051 567 5133 proximo*
590 5049 629 5111 dc
652 5049 703 5113 die
717 5052 766 5113 20.
786 5052 873 5136 sept.
899 5051 987 5113 1571.
1005 5088 1044 5096 -
1064 5049 1168 5113 Homo
1188 5046 1320 5134 apostol.
1340 5071 1365 5110 8.
1384 5047 1541 5133 Alpheus.
1559 5047 1710 5134 Append·

307 5156 336 5221 3.
364 5179 395 5219 n.
425 5156 467 5221 60
494 5166 527 5220 et
556 5177 622 5243 seq.
