3960 5956
1669 336 1707 402 21

226 652 325 734 sent,
357 637 609 747 effugientes,
649 634 710 718 nil'
748 638 826 718 nisi
865 667 1002 747 grave,
1033 638 1291 721 moderatum
1322 667 1371 718 ao
1402 619 1607 748 religione
1629 641 1719 749 ple-

226 800 324 853 nmn
365 773 408 852 in
457 772 649 853 omnibns
699 782 740 852 et
790 772 962 881 singulis
1002 800 1100 879 prae
1140 800 1182 851 se
1229 770 1371 851 ferant.
1439 770 1655 871 „Sobriam
1694 802 1719 854 a

225 903 354 985 turbis
383 905 640 1013 gravitatem,
672 932 856 985 severam
887 905 1013 987 vitam
1046 916 1084 983 et
1116 904 1321 1012 singulare
1348 904 1511 1011 pondus
1539 905 1719 1014 dignitas

225 1036 303 1118 sibi
343 1034 526 1116 vindicat
556 1037 831 1124 sacerdotalis.
845 1035 986 1118 ÷llla
1026 1064 1107 1118 vox
1147 1064 1326 1145 namque
1356 1021 1564 1117 lubentius
1600 1037 1718 1119 audi-

227 1173 363 1249 torum
403 1168 528 1248 corda
568 1179 764 1276 penetrat,
805 1197 931 1277 quam
972 1169 1145 1250 dicentis
1184 1171 1269 1250 vita
1300 1169 1586 1271 commendat3
1618 1173 1717 1279 qnia

225 1313 334 1398 tunc,
375 1298 488 1408 quod
528 1299 736 1408 loquendo
777 1303 962 1409 imperat,
994 1301 1248 1382 ostendendo
1280 1301 1458 1410 adjuvat,
1492 1315 1534 1382 ut
1568 1304 1718 1382 fiat:—

179 1467 182 1471 ·
226 1431 318 1533 Qua
377 1432 502 1513 etiam
565 1431 752 1517 libertate
805 1434 933 1515 laicos
988 1437 1189 1542 conipere
1229 1447 1421 1544 potenmt.
1476 1435 1719 1541 sacerdotes,
1845 1422 1849 1430 ’

225 1568 353 1675 quum
381 1567 504 1647 tacite
543 1565 622 1648 sibi
662 1567 741 1674 ipsi
781 1566 1067 1675 respondeant,
1097 1565 1242 1648 eadem
1273 1596 1316 1649 se
1346 1567 1570 1665 admisisse,
1611 1596 1718 1677 quae

227 1695 504 1808 corripiunt?“
525 1694 558 1778 2)
596 1695 707 1781 Hinc
738 1698 882 1782 eadem
909 1710 1049 1781 sancta
1076 1698 1269 1808 synodus
1290 1701 1461 1808 provide
1489 1702 1646 1800 statuit,
1674 1713 1719 1781 ut
1849 1717 1851 1721 ’
1885 1720 1886 1723 ‘

226 1860 331 1941 quae
355 1833 465 1913 alias
478 1860 503 1911 a
524 1830 705 1914 Summis
726 1828 996 1942 Pontificibus
1026 1843 1066 1914 et
1093 1861 1119 1913 a
1139 1834 1264 1913 sacris
1286 1830 1485 1915 Consiliis
1511 1833 1564 1914 de
1584 1830 1714 1915 Cleri-

225 1994 367 2047 comm
407 1955 492 2045 vita
522 1975 562 2045 et
578 1964 804 2057 'honestate
834 1967 1002 2073 copiose
1032 1994 1081 2045 ac
1111 1964 1332 2048 salubriter·
1356 1968 1513 2049 sancita
1542 1967 1716 2066 fiienmt,

226 2096 370 2180 eadem
401 2098 443 2178 in
471 2106 684 2206 posterum
713 2095 860 2179 iisdem
890 2098 1045 2203 poenis,
1078 2096 1143 2177 rel
1172 2098 1408 2203 majoribus,
1439 2099 1607 2180 arbitrio
1639 2096 1718 2182 Or-

226 2231 373 2313 dinarii
403 2229 664 2339 imponendis
695 2229 971 2326 observentur,
1003 2240 1043 2309 et
1083 2257 1188 2337 quae
1228 2228 1311 2310 fors
1351 2234 1520 2313 remissa
1549 2232 1718 2330 ,filerint

225 2393 298 2471 per
327 2362 544 2445 Antistites
575 2390 700 2471 quam
730 2363 911 2470 primum
942 2363 984 2441 in
1015 2388 1136 2443 usum
1166 2374 1419 2444 revocentur.
1436 2361 1470 2427 3v

339 2519 404 2602 No
433 2521 677 2631 gravissimo
708 2519 805 2601 huic
835 2516 971 2598 officio
1003 2529 1043 2598 et
1073 2522 1186 2627 operi
1217 2520 1328 2601 bono
1359 2521 1556 2630 Episcopi
1597 2499 1719 2629 hujus

224 2656 460 2762 provinciae
491 2653 631 2735 deesse
651 2652 878 2747 videantur,
908 2678 1012 2731 neve
1048 2651 1305 2734 subditonnn
1336 2655 1548 2763 neglectae
1578 2681 1719 2735 emcn-

225 2787 403 2869 dationis
443 2787 522 2893 ipsi
563 2785 793 2894 condignas
842 2782 933 2864 Deo
984 2784 1147 2864 vindice
1196 2813 1351 2891 poenas
1394 2781 1657 2894 persolvant:
1683 2783 1718 2866 4)

224 2901 427 3028 majomm
467 2919 651 3026 vestigiis
691 2917 864 3025 ingressi
905 2918 1117 3024 sequentia
1135 2906 1422 3024 potissimum
1457 2919 1508 2999 de
1539 2921 1646 3000 vitae
1677 2931 1718 2999 ct

225 3051 547 3159 conversationis
588 3048 784 3130 clericalis
831 3047 1046 3130 honestate
1084 3050 1293 3131 monenda
1332 3049 1535 3130 duxerunt
1580 3063 1620 3129 et
1665 3049 1719 3130 ab

226 3182 419 3265 omnibus
449 3190 638 3264 accurate
669 3179 938 3264 custodienda
967 3182 1246 3290 praecipiunt:

344 3369 379 3446 1.
396 3362 552 3465 Quum
581 3365 691 3445 vitae
711 3345 879 3446 caelibis
909 3376 950 3444 et
978 3364 1190 3472 virginalis
1219 3367 1488 3447 castimoniae
1518 3339 1717 3473 professio

225 3499 437 3606 proprium
476 3507 517 3578 et
555 3496 790 3605 angelicum
830 3497 882 3577 sit¹
921 3495 1088 3580 Ordinis
1124 3497 1388 3578 sacerdotalis
1418 3511 1718 3598 omamentum,

225 3632 297 3714 scd
318 3661 423 3713 onus
440 3659 618 3740 -quoque
648 3631 840 3712 humanis
860 3631 1041 3711 humeris
1061 3626 1181 3711 valde
1201 3630 1518 3725 fonnidandnm,
1540 3632 1719 3737 primum

224 3792 274 3846 ac
303 3765 570 3874 praecipuum
602 3760 856 3845 Clcrioorum
886 3751 1066 3845 studium
1097 3765 1141 3844 in
1171 3790 1220 3844 eo
1251 3773 1432 3845 versetur
1466 3775 1639 3870 oportet,
1676 3775 1722 3843 ut

224 3897 389 3984 coelesti
420 3897 530 3979 dono
567 3898 795 4005 meritoque
839 3897 1036 3978 castitatis
1072 3897 1283 4003 conspicui
1319 3895 1553 3991 candidrun,
1590 3908 1634 3974 ut
1663 3897 1722 3975 ait

224 4059 256 4110 s.
289 4026 540 4136 Cyprianus,
561 4012 787 4111 'Ecclesiae
818 4039 1006 4111 senatum
1041 4008 1237 4129 efficiant,
1274 4040 1314 4108 et
1345 4029 1398 4110 ab
1429 4029 1543 4109 omni
1579 4028 1717 4108 illece-

224 4162 299 4245 bra
329 4162 463 4242 camis
492 4161 715 4242 auxiliante
746 4144 941 4242 Domino
960 4163 1094 4260 alieni,
1132 4160 1348 4268 splendido
1379 4160 1548 4268 pudoris
1579 4167 1720 4240 exem-

222 4293 294 4402 plo
325 4293 535 4401 eloquium
567 4290 719 4375 Christi
750 4293 1022 4401 comprobent
1051 4294 1240 4375 dicentis:
1277 4291 1418 4392 ,Quae
1448 4291 1719 4400 impossibilia

224 4436 321 4507 sunt
350 4425 462 4534 apud
492 4426 691 4519 homines,
722 4426 934 4534 possibilia
967 4437 1061 4506 sunt
1092 4426 1202 4533 apud
1232 4425 1406 4506 Deun1.“
1441 4420 1474 4491 5)
1488 4427 1490 4432 ’
1506 4423 1574 4504 Ad
1604 4425 1720 4532 cujus

226 4558 404 4665 exempli
449 4559 715 4665 praeconium
761 4557 995 4639 divinonnn
1042 4558 1215 4638 ministri
1264 4557 1439 4638 dolenda
1480 4557 1724 4664 pracsertim·
1761 4551 1763 4558 ’

266 4839 294 4926 ¹)
316 4839 449 4905 Confer:
475 4839 508 4904 S.
531 4838 680 4904 Ambros.
703 4839 807 4927 Epist.
830 4840 880 4908 28.
902 4842 944 4905 sd
967 4842 1050 4906 lren.
1072 4865 1158 4907 num.
1181 4844 1210 4907 2.
1228 4879 1267 4888 -
1291 4840 1323 4905 S.
1346 4839 1443 4925 Grcg.
1466 4810 1510 4904 Μ.
1534 4841 1615 4927 Reg.
1631 4841 1718 4904 Post.

316 4960 397 5034 part.
414 4949 445 5012 2.
466 4969 538 5033 cap.
560 4947 591 5010 3.
615 4948 740 5032 (confer
762 4970 832 5035 cap.
857 4950 900 5034 7.)
923 4987 964 4996 -
986 4949 1096 5013 Verba
1114 4972 1139 5013 s.
1163 4949 1351 5034 Hieronym.
1375 4951 1406 5011 in
1429 4970 1456 5011 c.
1479 4949 1509 5010 6.
1524 4948 1564 5015 D.
1593 4948 1718 5011 XXVI.

318 5056 442 5140 (confer
463 5054 642 5120 Comment.
665 5055 708 5119 ad
729 5054 793 5119 Tit.
809 5078 879 5141 cap.
895 5058 921 5119 l.
936 5078 1022 5122 vers.
1037 5058 1082 5141 b)
1320 5103 1322 5107 -

268 5163 295 5246 ³)
317 5161 402 5227 sess.
425 5160 536 5225 XXII.
559 5161 599 5226 de
622 5161 692 5226 Ros.
716 5184 787 5248 cap.
814 5165 842 5227 1.
887 5163 914 5247 ⁴)
937 5160 1034 5229 Cone.
1057 5164 1145 5229 Trid.
1168 5163 1228 5226 loc.
1251 5166 1305 5226 cit.
1351 5164 1376 5245 ⁵)
1403 5162 1481 5227 Luc.
1514 5162 1562 5228 18.
1585 5164 1635 5228 27.
