<?xml version="1.0" encoding="UTF-8"?>
<!DOCTYPE html PUBLIC "-//W3C//DTD XHTML 1.0 Transitional//EN"
    "http://www.w3.org/TR/xhtml1/DTD/xhtml1-transitional.dtd">
<html xmlns="http://www.w3.org/1999/xhtml" xml:lang="en" lang="en">
 <head>
  <title>
</title>
<meta http-equiv="Content-Type" content="text/html;charset=utf-8" />
  <meta name='ocr-system' content='tesseract 3.04.00' />
  <meta name='ocr-capabilities' content='ocr_page ocr_carea ocr_par ocr_line ocrx_word'/>
</head>
<body>
  <div class='ocr_page' id='page_1' title='image "actaetdecretaco00schwgoog_0104.png"; bbox 0 0 3960 5956; ppageno 0'>
   <div class='ocr_carea' id='block_1_1' title="bbox 1632 349 1671 414">
    <p class='ocr_par' dir='ltr' id='par_1_1' title="bbox 1632 349 1671 414">
     <span class='ocr_line' id='line_1_1' title="bbox 1632 349 1671 414; baseline 0.051 -2"><span class='ocrx_word' id='word_1_1' title='bbox 1632 349 1671 414; x_wconf 77' lang='lat' dir='ltr'>at·</span> 
     </span>
    </p>
   </div>
   <div class='ocr_carea' id='block_1_2' title="bbox 180 553 1676 812">
    <p class='ocr_par' dir='ltr' id='par_1_2' title="bbox 180 553 1676 773">
     <span class='ocr_line' id='line_1_2' title="bbox 180 553 1676 666; baseline -0.006 -25"><span class='ocrx_word' id='word_1_2' title='bbox 180 558 310 642; x_wconf 87' lang='lat' dir='ltr'>ritatis</span> <span class='ocrx_word' id='word_1_3' title='bbox 339 560 516 666; x_wconf 80' lang='lat' dir='ltr'>capiant,</span> <span class='ocrx_word' id='word_1_4' title='bbox 546 568 588 640; x_wconf 89' lang='lat' dir='ltr'>et</span> <span class='ocrx_word' id='word_1_5' title='bbox 617 558 743 640; x_wconf 88' lang='lat' dir='ltr'>corda</span> <span class='ocrx_word' id='word_1_6' title='bbox 772 558 826 639; x_wconf 94' lang='lat' dir='ltr'>ad</span> <span class='ocrx_word' id='word_1_7' title='bbox 856 557 1162 639; x_wconf 78' lang='lat' dir='ltr'>assentiendrun</span> <span class='ocrx_word' id='word_1_8' title='bbox 1193 556 1320 665; x_wconf 86' lang='lat' dir='ltr'>verbo</span> <span class='ocrx_word' id='word_1_9' title='bbox 1342 553 1588 666; x_wconf 80' lang='lat' dir='ltr'>Evangelii</span> <span class='ocrx_word' id='word_1_10' title='bbox 1583 581 1676 633; x_wconf 91' lang='lat' dir='ltr'>mo·</span> 
     </span>
     <span class='ocr_line' id='line_1_3' title="bbox 181 679 1676 812; baseline -0.005 -39"><span class='ocrx_word' id='word_1_11' title='bbox 181 701 363 791; x_wconf 80' lang='lat' dir='ltr'>veantur</span> <span class='ocrx_word' id='word_1_12' title='bbox 394 719 537 772; x_wconf 86' lang='lat' dir='ltr'>verum</span> <span class='ocrx_word' id='word_1_13' title='bbox 567 719 652 772; x_wconf 91' lang='lat' dir='ltr'>non</span> <span class='ocrx_word' id='word_1_14' title='bbox 683 691 737 773; x_wconf 94' lang='lat' dir='ltr'>ad</span> <span class='ocrx_word' id='word_1_15' title='bbox 767 701 903 773; x_wconf 86' lang='lat' dir='ltr'>assent</span> <span class='ocrx_word' id='word_1_16' title='bbox 887 679 1073 773; x_wconf 88' lang='lat' dir='ltr'>tiendum</span> <span class='ocrx_word' id='word_1_17' title='bbox 1093 696 1282 792; x_wconf 90' lang='lat' dir='ltr'>tantum,</span> <span class='ocrx_word' id='word_1_18' title='bbox 1313 690 1385 771; x_wconf 91' lang='lat' dir='ltr'>sed</span> <span class='ocrx_word' id='word_1_19' title='bbox 1414 687 1468 770; x_wconf 92' lang='lat' dir='ltr'>ad</span> <span class='ocrx_word' id='word_1_20' title='bbox 1498 686 1676 812; x_wconf 82' lang='lat' dir='ltr'>retinen·</span> 
     </span>
    </p>
   </div>
   <div class='ocr_carea' id='block_1_3' title="bbox 53 808 1671 977">
    <p class='ocr_par' dir='ltr' id='par_1_3' title="bbox 53 808 1671 977">
     <span class='ocr_line' id='line_1_4' title="bbox 53 808 1671 977; baseline -0.006 -69"><span class='ocrx_word' id='word_1_21' title='bbox 53 896 56 900; x_wconf 70' lang='grc'><strong><em>,</em></strong></span> <span class='ocrx_word' id='word_1_22' title='bbox 182 825 293 926; x_wconf 89' lang='lat' dir='ltr'>durn,</span> <span class='ocrx_word' id='word_1_23' title='bbox 324 824 652 977; x_wconf 83' lang='lat' dir='ltr'>diligendumet</span> <span class='ocrx_word' id='word_1_24' title='bbox 672 834 886 932; x_wconf 77' lang='lat' dir='ltr'><strong>tamquam</strong></span> <span class='ocrx_word' id='word_1_25' title='bbox 917 833 1006 932; x_wconf 86' lang='lat' dir='ltr'>pret</span> <span class='ocrx_word' id='word_1_26' title='bbox 1007 822 1313 906; x_wconf 89' lang='lat' dir='ltr'>iosissimumt</span> <span class='ocrx_word' id='word_1_27' title='bbox 1296 808 1555 920; x_wconf 82' lang='lat' dir='ltr'>thesannrm,</span> <span class='ocrx_word' id='word_1_28' title='bbox 1595 847 1671 927; x_wconf 91' lang='lat' dir='ltr'>pro</span> 
     </span>
    </p>
   </div>
   <div class='ocr_carea' id='block_1_4' title="bbox 182 956 1794 2541">
    <p class='ocr_par' dir='ltr' id='par_1_4' title="bbox 182 956 1094 1068">
     <span class='ocr_line' id='line_1_5' title="bbox 182 956 1094 1068; baseline -0.004 -28"><span class='ocrx_word' id='word_1_29' title='bbox 182 986 266 1068; x_wconf 93' lang='lat' dir='ltr'>quo</span> <span class='ocrx_word' id='word_1_30' title='bbox 298 959 439 1039; x_wconf 90' lang='lat' dir='ltr'>omnia</span> <span class='ocrx_word' id='word_1_31' title='bbox 453 956 723 1057; x_wconf 90' lang='lat' dir='ltr'>venduntur,</span> <span class='ocrx_word' id='word_1_32' title='bbox 765 957 1094 1040; x_wconf 88' lang='lat' dir='ltr'>custodiendum</span> 
     </span>
    </p>

    <p class='ocr_par' dir='ltr' id='par_1_5' title="bbox 182 1073 1794 2518">
     <span class='ocr_line' id='line_1_6' title="bbox 298 1073 1680 1197; baseline -0.003 -26"><span class='ocrx_word' id='word_1_33' title='bbox 298 1091 361 1172; x_wconf 85' lang='lat' dir='ltr'>Ea</span> <span class='ocrx_word' id='word_1_34' title='bbox 390 1119 487 1172; x_wconf 89' lang='lat' dir='ltr'>vero</span> <span class='ocrx_word' id='word_1_35' title='bbox 518 1101 580 1174; x_wconf 87' lang='lat' dir='ltr'>est</span> <span class='ocrx_word' id='word_1_36' title='bbox 609 1089 841 1172; x_wconf 90' lang='lat' dir='ltr'>divinarum</span> <span class='ocrx_word' id='word_1_37' title='bbox 871 1092 1089 1173; x_wconf 89' lang='lat' dir='ltr'>veritatum</span> <span class='ocrx_word' id='word_1_38' title='bbox 1122 1073 1296 1172; x_wconf 88' lang='lat' dir='ltr'>altitudo</span> <span class='ocrx_word' id='word_1_39' title='bbox 1326 1101 1368 1172; x_wconf 91' lang='lat' dir='ltr'>et</span> <span class='ocrx_word' id='word_1_40' title='bbox 1396 1090 1601 1197; x_wconf 88' lang='lat' dir='ltr'>majestas,</span> <span class='ocrx_word' id='word_1_41' title='bbox 1633 1096 1680 1167; x_wconf 95' lang='lat' dir='ltr'>ut</span> 
     </span>
     <span class='ocr_line' id='line_1_7' title="bbox 182 1201 1678 1333; baseline -0.003 -27"><span class='ocrx_word' id='word_1_42' title='bbox 182 1253 208 1306; x_wconf 93' lang='lat' dir='ltr'>a</span> <span class='ocrx_word' id='word_1_43' title='bbox 237 1222 359 1306; x_wconf 91' lang='lat' dir='ltr'>nobis</span> <span class='ocrx_word' id='word_1_44' title='bbox 388 1223 552 1331; x_wconf 80' lang='lat' dir='ltr'>penitus</span> <span class='ocrx_word' id='word_1_45' title='bbox 582 1223 876 1331; x_wconf 82' lang='lat' dir='ltr'>comprehendi</span> <span class='ocrx_word' id='word_1_46' title='bbox 905 1226 1075 1305; x_wconf 90' lang='lat' dir='ltr'>minime</span> <span class='ocrx_word' id='word_1_47' title='bbox 1094 1201 1281 1333; x_wconf 76' lang='lat' dir='ltr'>possint,</span> <span class='ocrx_word' id='word_1_48' title='bbox 1319 1223 1472 1332; x_wconf 83' lang='lat' dir='ltr'>quippe</span> <span class='ocrx_word' id='word_1_49' title='bbox 1503 1221 1573 1329; x_wconf 91' lang='lat' dir='ltr'>qui</span> <span class='ocrx_word' id='word_1_50' title='bbox 1604 1247 1678 1329; x_wconf 89' lang='lat' dir='ltr'>pc·</span> 
     </span>
     <span class='ocr_line' id='line_1_8' title="bbox 183 1355 1761 1466; baseline -0.003 -27"><span class='ocrx_word' id='word_1_51' title='bbox 183 1358 438 1466; x_wconf 83' lang='lat' dir='ltr'>regrinantes</span> <span class='ocrx_word' id='word_1_52' title='bbox 468 1384 494 1436; x_wconf 93' lang='lat' dir='ltr'>a</span> <span class='ocrx_word' id='word_1_53' title='bbox 523 1356 706 1438; x_wconf 90' lang='lat' dir='ltr'>Domino</span> <span class='ocrx_word' id='word_1_54' title='bbox 731 1386 810 1465; x_wconf 51' lang='lat' dir='ltr'>¹per</span> <span class='ocrx_word' id='word_1_55' title='bbox 839 1355 963 1437; x_wconf 86' lang='lat' dir='ltr'>fidem</span> <span class='ocrx_word' id='word_1_56' title='bbox 994 1357 1256 1440; x_wconf 91' lang='lat' dir='ltr'>ambulamus</span> <span class='ocrx_word' id='word_1_57' title='bbox 1296 1368 1337 1438; x_wconf 91' lang='lat' dir='ltr'>et</span> <span class='ocrx_word' id='word_1_58' title='bbox 1365 1383 1451 1436; x_wconf 89' lang='lat' dir='ltr'>non</span> <span class='ocrx_word' id='word_1_59' title='bbox 1480 1383 1554 1463; x_wconf 92' lang='lat' dir='ltr'>per</span> <span class='ocrx_word' id='word_1_60' title='bbox 1583 1380 1679 1462; x_wconf 89' lang='lat' dir='ltr'>spc-</span> <span class='ocrx_word' id='word_1_61' title='bbox 1753 1398 1761 1412; x_wconf 87' lang='lat'><strong>·</strong></span> 
     </span>
     <span class='ocr_line' id='line_1_9' title="bbox 184 1486 1678 1600; baseline -0.003 -28"><span class='ocrx_word' id='word_1_62' title='bbox 184 1492 300 1589; x_wconf 85' lang='lat' dir='ltr'>ciem,</span> <span class='ocrx_word' id='word_1_63' title='bbox 330 1489 506 1598; x_wconf 88' lang='lat' dir='ltr'>ideoque</span> <span class='ocrx_word' id='word_1_64' title='bbox 536 1491 701 1572; x_wconf 91' lang='lat' dir='ltr'>nonnisi</span> <span class='ocrx_word' id='word_1_65' title='bbox 731 1519 804 1598; x_wconf 89' lang='lat' dir='ltr'>per</span> <span class='ocrx_word' id='word_1_66' title='bbox 833 1489 1047 1598; x_wconf 88' lang='lat' dir='ltr'>speculum</span> <span class='ocrx_word' id='word_1_67' title='bbox 1078 1501 1119 1573; x_wconf 93' lang='lat' dir='ltr'>et</span> <span class='ocrx_word' id='word_1_68' title='bbox 1141 1492 1190 1571; x_wconf 91' lang='lat' dir='ltr'>in</span> <span class='ocrx_word' id='word_1_69' title='bbox 1220 1492 1453 1600; x_wconf 82' lang='lat' dir='ltr'>aenigmate</span> <span class='ocrx_word' id='word_1_70' title='bbox 1479 1486 1678 1585; x_wconf 90' lang='lat' dir='ltr'>videmus,</span> 
     </span>
     <span class='ocr_line' id='line_1_10' title="bbox 185 1621 1743 1732; baseline -0.001 -27"><span class='ocrx_word' id='word_1_71' title='bbox 185 1650 291 1732; x_wconf 82' lang='lat' dir='ltr'>quae</span> <span class='ocrx_word' id='word_1_72' title='bbox 331 1651 493 1706; x_wconf 91' lang='lat' dir='ltr'>sursum</span> <span class='ocrx_word' id='word_1_73' title='bbox 533 1634 640 1705; x_wconf 92' lang='lat' dir='ltr'>sunt.</span> <span class='ocrx_word' id='word_1_74' title='bbox 702 1621 856 1705; x_wconf 85' lang='lat' dir='ltr'>Conari</span> <span class='ocrx_word' id='word_1_75' title='bbox 896 1623 1063 1731; x_wconf 88' lang='lat' dir='ltr'>quidem</span> <span class='ocrx_word' id='word_1_76' title='bbox 1093 1624 1148 1706; x_wconf 90' lang='lat' dir='ltr'>ad</span> <span class='ocrx_word' id='word_1_77' title='bbox 1177 1624 1428 1709; x_wconf 55' lang='lat' dir='ltr'>caelestium¹</span> <span class='ocrx_word' id='word_1_78' title='bbox 1444 1623 1680 1732; x_wconf 84' lang='lat' dir='ltr'>intelligen·</span> <span class='ocrx_word' id='word_1_79' title='bbox 1740 1621 1743 1626; x_wconf 68' lang='grc'>’</span> 
     </span>
     <span class='ocr_line' id='line_1_11' title="bbox 185 1740 1794 1865; baseline -0.002 -23"><span class='ocrx_word' id='word_1_80' title='bbox 185 1759 285 1842; x_wconf 89' lang='lat' dir='ltr'>tiam</span> <span class='ocrx_word' id='word_1_81' title='bbox 314 1767 356 1839; x_wconf 88' lang='lat' dir='ltr'>et</span> <span class='ocrx_word' id='word_1_82' title='bbox 383 1756 480 1839; x_wconf 84' lang='lat' dir='ltr'>fidei</span> <span class='ocrx_word' id='word_1_83' title='bbox 511 1756 737 1838; x_wconf 80' lang='lat' dir='ltr'>claritatem</span> <span class='ocrx_word' id='word_1_84' title='bbox 768 1768 891 1865; x_wconf 92' lang='lat' dir='ltr'>prout</span> <span class='ocrx_word' id='word_1_85' title='bbox 920 1740 1061 1839; x_wconf 88' lang='lat' dir='ltr'>nativo</span> <span class='ocrx_word' id='word_1_86' title='bbox 1091 1759 1260 1840; x_wconf 88' lang='lat' dir='ltr'>rationis</span> <span class='ocrx_word' id='word_1_87' title='bbox 1290 1769 1332 1839; x_wconf 91' lang='lat' dir='ltr'>et</span> <span class='ocrx_word' id='word_1_88' title='bbox 1361 1757 1496 1841; x_wconf 88' lang='lat' dir='ltr'>cordis</span> <span class='ocrx_word' id='word_1_89' title='bbox 1517 1755 1678 1839; x_wconf 84' lang='lat' dir='ltr'>deside·</span> <span class='ocrx_word' id='word_1_90' title='bbox 1790 1744 1794 1750; x_wconf 35' lang='lat'>⁵</span> 
     </span>
     <span class='ocr_line' id='line_1_12' title="bbox 184 1881 1682 2003; baseline -0.002 -29"><span class='ocrx_word' id='word_1_91' title='bbox 184 1894 245 1975; x_wconf 92' lang='lat' dir='ltr'>rio</span> <span class='ocrx_word' id='word_1_92' title='bbox 284 1892 554 2002; x_wconf 81' lang='lat' dir='ltr'>impellimur,</span> <span class='ocrx_word' id='word_1_93' title='bbox 595 1881 653 1973; x_wconf 91' lang='lat' dir='ltr'>sic</span> <span class='ocrx_word' id='word_1_94' title='bbox 692 1894 844 2002; x_wconf 91' lang='lat' dir='ltr'>pariter</span> <span class='ocrx_word' id='word_1_95' title='bbox 881 1894 971 2003; x_wconf 90' lang='lat' dir='ltr'>ipsa</span> <span class='ocrx_word' id='word_1_96' title='bbox 1000 1894 1163 1976; x_wconf 83' lang='lat' dir='ltr'>divinae</span> <span class='ocrx_word' id='word_1_97' title='bbox 1199 1894 1381 1976; x_wconf 86' lang='lat' dir='ltr'>veritatis</span> <span class='ocrx_word' id='word_1_98' title='bbox 1411 1886 1611 2002; x_wconf 82' lang='lat' dir='ltr'>dignitate</span> <span class='ocrx_word' id='word_1_99' title='bbox 1641 1900 1682 1972; x_wconf 90' lang='lat' dir='ltr'>et</span> 
     </span>
     <span class='ocr_line' id='line_1_13' title="bbox 186 2025 1769 2139; baseline -0.002 -28"><span class='ocrx_word' id='word_1_100' title='bbox 186 2029 439 2138; x_wconf 87' lang='lat' dir='ltr'>praestantia·</span> <span class='ocrx_word' id='word_1_101' title='bbox 464 2029 635 2110; x_wconf 92' lang='lat' dir='ltr'>omnino</span> <span class='ocrx_word' id='word_1_102' title='bbox 658 2029 866 2137; x_wconf 87' lang='lat' dir='ltr'>jubemur.</span> <span class='ocrx_word' id='word_1_103' title='bbox 904 2027 1071 2138; x_wconf 86' lang='lat' dir='ltr'>Optime</span> <span class='ocrx_word' id='word_1_104' title='bbox 1101 2030 1269 2139; x_wconf 85' lang='lat' dir='ltr'>insuper</span> <span class='ocrx_word' id='word_1_105' title='bbox 1298 2039 1443 2110; x_wconf 90' lang='lat' dir='ltr'>contra</span> <span class='ocrx_word' id='word_1_106' title='bbox 1471 2025 1682 2135; x_wconf 79' lang='lat' dir='ltr'>religionis</span> <span class='ocrx_word' id='word_1_107' title='bbox 1764 2074 1769 2084; x_wconf 85' lang='lat'>.</span> 
     </span>
     <span class='ocr_line' id='line_1_14' title="bbox 185 2150 1681 2265; baseline -0.001 -21"><span class='ocrx_word' id='word_1_108' title='bbox 185 2162 325 2246; x_wconf 87' lang='lat' dir='ltr'>hostes</span> <span class='ocrx_word' id='word_1_109' title='bbox 344 2164 496 2249; x_wconf 89' lang='lat' dir='ltr'>veritas</span> <span class='ocrx_word' id='word_1_110' title='bbox 515 2163 610 2246; x_wconf 91' lang='lat' dir='ltr'>fidei</span> <span class='ocrx_word' id='word_1_111' title='bbox 630 2164 873 2265; x_wconf 81' lang='lat' dir='ltr'>vindicatur,</span> <span class='ocrx_word' id='word_1_112' title='bbox 901 2150 938 2247; x_wconf 40' lang='lat' dir='ltr'>&#39;si</span> <span class='ocrx_word' id='word_1_113' title='bbox 957 2166 1142 2246; x_wconf 87' lang='lat' dir='ltr'>internae</span> <span class='ocrx_word' id='word_1_114' title='bbox 1172 2165 1350 2262; x_wconf 85' lang='lat' dir='ltr'>rationes</span> <span class='ocrx_word' id='word_1_115' title='bbox 1370 2162 1580 2244; x_wconf 83' lang='lat' dir='ltr'>doctrinae</span> <span class='ocrx_word' id='word_1_116' title='bbox 1611 2189 1681 2242; x_wconf 87' lang='lat' dir='ltr'>ca·</span> 
     </span>
     <span class='ocr_line' id='line_1_15' title="bbox 186 2283 1682 2407; baseline 0 -30"><span class='ocrx_word' id='word_1_117' title='bbox 186 2295 374 2396; x_wconf 87' lang='lat' dir='ltr'>tholicae,</span> <span class='ocrx_word' id='word_1_118' title='bbox 405 2307 606 2406; x_wconf 92' lang='lat' dir='ltr'>quantum</span> <span class='ocrx_word' id='word_1_119' title='bbox 637 2297 724 2379; x_wconf 91' lang='lat' dir='ltr'>fieri</span> <span class='ocrx_word' id='word_1_120' title='bbox 753 2283 914 2407; x_wconf 87' lang='lat' dir='ltr'>poterit,</span> <span class='ocrx_word' id='word_1_121' title='bbox 945 2309 1183 2407; x_wconf 83' lang='lat' dir='ltr'>perspectae</span> <span class='ocrx_word' id='word_1_122' title='bbox 1212 2298 1363 2379; x_wconf 87' lang='lat' dir='ltr'>fuerint</span> <span class='ocrx_word' id='word_1_123' title='bbox 1388 2306 1429 2377; x_wconf 88' lang='lat' dir='ltr'>et</span> <span class='ocrx_word' id='word_1_124' title='bbox 1459 2294 1682 2377; x_wconf 89' lang='lat' dir='ltr'>confutatis</span> 
     </span>
     <span class='ocr_line' id='line_1_16' title="bbox 186 2422 1399 2541; baseline 0 -30"><span class='ocrx_word' id='word_1_125' title='bbox 186 2422 514 2513; x_wconf 85' lang='lat' dir='ltr'>adversariorum</span> <span class='ocrx_word' id='word_1_126' title='bbox 544 2432 847 2541; x_wconf 90' lang='lat' dir='ltr'>objectionibus</span> <span class='ocrx_word' id='word_1_127' title='bbox 876 2433 1011 2516; x_wconf 88' lang='lat' dir='ltr'>valide</span> <span class='ocrx_word' id='word_1_128' title='bbox 1041 2441 1399 2518; x_wconf 90' lang='lat' dir='ltr'>commonstratae.</span> 
     </span>
    </p>
   </div>
   <div class='ocr_carea' id='block_1_5' title="bbox 303 2463 1950 2676">
    <p class='ocr_par' dir='ltr' id='par_1_6' title="bbox 303 2463 1950 2676">
     <span class='ocr_line' id='line_1_17' title="bbox 303 2463 1950 2676; baseline 0.002 -32"><span class='ocrx_word' id='word_1_129' title='bbox 303 2562 367 2645; x_wconf 92' lang='lat' dir='ltr'>Ne</span> <span class='ocrx_word' id='word_1_130' title='bbox 396 2572 535 2645; x_wconf 88' lang='lat' dir='ltr'>tamen</span> <span class='ocrx_word' id='word_1_131' title='bbox 565 2463 802 2673; x_wconf 81' lang='lat' dir='ltr'>hirjusmodi</span> <span class='ocrx_word' id='word_1_132' title='bbox 833 2554 1001 2676; x_wconf 90' lang='lat' dir='ltr'>negotio</span> <span class='ocrx_word' id='word_1_133' title='bbox 1027 2568 1173 2650; x_wconf 88' lang='lat' dir='ltr'>intenti</span> <span class='ocrx_word' id='word_1_134' title='bbox 1193 2568 1339 2650; x_wconf 90' lang='lat' dir='ltr'>binum</span> <span class='ocrx_word' id='word_1_135' title='bbox 1359 2564 1570 2645; x_wconf 87' lang='lat' dir='ltr'>incurrant</span> <span class='ocrx_word' id='word_1_136' title='bbox 1589 2589 1687 2643; x_wconf 55' lang='lat' dir='ltr'>sco·¹</span> <span class='ocrx_word' id='word_1_137' title='bbox 1837 2555 1840 2560; x_wconf 11' lang='grc' dir='ltr'><strong>Δ</strong></span> <span class='ocrx_word' id='word_1_138' title='bbox 1945 2667 1950 2676; x_wconf 17' lang='grc' dir='ltr'>ι</span> 
     </span>
    </p>
   </div>
   <div class='ocr_carea' id='block_1_6' title="bbox 188 2690 1765 3476">
    <p class='ocr_par' dir='ltr' id='par_1_7' title="bbox 188 2690 1765 3476">
     <span class='ocr_line' id='line_1_18' title="bbox 189 2690 1684 2815; baseline -0.002 -37"><span class='ocrx_word' id='word_1_139' title='bbox 189 2697 345 2805; x_wconf 93' lang='lat' dir='ltr'>pulum,</span> <span class='ocrx_word' id='word_1_140' title='bbox 376 2726 531 2796; x_wconf 89' lang='lat' dir='ltr'>omnes,</span> <span class='ocrx_word' id='word_1_141' title='bbox 562 2699 616 2780; x_wconf 92' lang='lat' dir='ltr'>ad</span> <span class='ocrx_word' id='word_1_142' title='bbox 647 2725 753 2807; x_wconf 91' lang='lat' dir='ltr'>quos</span> <span class='ocrx_word' id='word_1_143' title='bbox 774 2700 969 2807; x_wconf 85' lang='lat' dir='ltr'>pertinet,</span> <span class='ocrx_word' id='word_1_144' title='bbox 991 2690 1160 2815; x_wconf 82' lang='lat' dir='ltr'>paterne</span> <span class='ocrx_word' id='word_1_145' title='bbox 1183 2701 1408 2801; x_wconf 85' lang='lat' dir='ltr'>hortamur.</span> <span class='ocrx_word' id='word_1_146' title='bbox 1469 2695 1592 2778; x_wconf 78' lang='lat' dir='ltr'>Absit</span> <span class='ocrx_word' id='word_1_147' title='bbox 1619 2695 1684 2774; x_wconf 90' lang='lat' dir='ltr'>ni·</span> 
     </span>
     <span class='ocr_line' id='line_1_19' title="bbox 188 2826 1684 2941; baseline -0.003 -29"><span class='ocrx_word' id='word_1_148' title='bbox 188 2830 338 2912; x_wconf 90' lang='lat' dir='ltr'>mirum</span> <span class='ocrx_word' id='word_1_149' title='bbox 368 2859 537 2940; x_wconf 84' lang='lat' dir='ltr'>prorsus</span> <span class='ocrx_word' id='word_1_150' title='bbox 565 2833 749 2915; x_wconf 89' lang='lat' dir='ltr'>absonus</span> <span class='ocrx_word' id='word_1_151' title='bbox 778 2828 1077 2914; x_wconf 89' lang='lat' dir='ltr'>haereticoium</span> <span class='ocrx_word' id='word_1_152' title='bbox 1107 2863 1229 2929; x_wconf 88' lang='lat' dir='ltr'>error,</span> <span class='ocrx_word' id='word_1_153' title='bbox 1260 2834 1331 2941; x_wconf 91' lang='lat' dir='ltr'>qui</span> <span class='ocrx_word' id='word_1_154' title='bbox 1361 2829 1588 2939; x_wconf 90' lang='lat' dir='ltr'>duplicem,</span> <span class='ocrx_word' id='word_1_155' title='bbox 1628 2826 1684 2908; x_wconf 89' lang='lat' dir='ltr'>si-</span> 
     </span>
     <span class='ocr_line' id='line_1_20' title="bbox 188 2960 1684 3074; baseline -0.003 -28"><span class='ocrx_word' id='word_1_156' title='bbox 188 2962 313 3071; x_wconf 90' lang='lat' dir='ltr'>bique</span> <span class='ocrx_word' id='word_1_157' title='bbox 343 2965 591 3047; x_wconf 88' lang='lat' dir='ltr'>contrariam</span> <span class='ocrx_word' id='word_1_158' title='bbox 621 2994 710 3048; x_wconf 88' lang='lat' dir='ltr'>esse</span> <span class='ocrx_word' id='word_1_159' title='bbox 740 2994 862 3074; x_wconf 90' lang='lat' dir='ltr'>posse</span> <span class='ocrx_word' id='word_1_160' title='bbox 892 2968 1117 3061; x_wconf 84' lang='lat' dir='ltr'>veritatem,</span> <span class='ocrx_word' id='word_1_161' title='bbox 1148 2966 1214 3048; x_wconf 88' lang='lat' dir='ltr'>vel</span> <span class='ocrx_word' id='word_1_162' title='bbox 1245 2995 1293 3048; x_wconf 89' lang='lat' dir='ltr'>ea</span> <span class='ocrx_word' id='word_1_163' title='bbox 1314 2993 1420 3074; x_wconf 86' lang='lat' dir='ltr'>quae</span> <span class='ocrx_word' id='word_1_164' title='bbox 1449 2965 1492 3044; x_wconf 92' lang='lat' dir='ltr'>in</span> <span class='ocrx_word' id='word_1_165' title='bbox 1514 2960 1684 3044; x_wconf 91' lang='lat' dir='ltr'>theolo-</span> 
     </span>
     <span class='ocr_line' id='line_1_21' title="bbox 189 3074 1765 3212; baseline -0.001 -35"><span class='ocrx_word' id='word_1_166' title='bbox 189 3096 259 3205; x_wconf 86' lang='lat' dir='ltr'>gia</span> <span class='ocrx_word' id='word_1_167' title='bbox 287 3107 385 3177; x_wconf 91' lang='lat' dir='ltr'>sunt</span> <span class='ocrx_word' id='word_1_168' title='bbox 413 3124 528 3197; x_wconf 82' lang='lat' dir='ltr'>vera,</span> <span class='ocrx_word' id='word_1_169' title='bbox 552 3099 593 3178; x_wconf 91' lang='lat' dir='ltr'>in</span> <span class='ocrx_word' id='word_1_170' title='bbox 624 3097 888 3207; x_wconf 89' lang='lat' dir='ltr'>philosophia</span> <span class='ocrx_word' id='word_1_171' title='bbox 917 3074 1124 3182; x_wconf 86' lang='lat' dir='ltr'>interdurn</span> <span class='ocrx_word' id='word_1_172' title='bbox 1144 3075 1279 3182; x_wconf 87' lang='lat' dir='ltr'>falsa</span> <span class='ocrx_word' id='word_1_173' title='bbox 1267 3100 1441 3180; x_wconf 86' lang='lat' dir='ltr'>rnvenin</span> <span class='ocrx_word' id='word_1_174' title='bbox 1429 3096 1684 3212; x_wconf 89' lang='lat' dir='ltr'>alucinan-</span> <span class='ocrx_word' id='word_1_175' title='bbox 1761 3106 1765 3114; x_wconf 84' lang='lat'>&#39;</span> 
     </span>
     <span class='ocr_line' id='line_1_22' title="bbox 190 3228 1685 3328; baseline -0.001 -18"><span class='ocrx_word' id='word_1_176' title='bbox 190 3237 252 3310; x_wconf 85' lang='lat' dir='ltr'>tes</span> <span class='ocrx_word' id='word_1_177' title='bbox 296 3228 563 3311; x_wconf 85' lang='lat' dir='ltr'>contendunt.</span> <span class='ocrx_word' id='word_1_178' title='bbox 624 3230 720 3312; x_wconf 92' lang='lat' dir='ltr'>Una</span> <span class='ocrx_word' id='word_1_179' title='bbox 760 3232 870 3313; x_wconf 92' lang='lat' dir='ltr'>enim</span> <span class='ocrx_word' id='word_1_180' title='bbox 910 3242 951 3313; x_wconf 91' lang='lat' dir='ltr'>et</span> <span class='ocrx_word' id='word_1_181' title='bbox 990 3233 1251 3315; x_wconf 88' lang='lat' dir='ltr'>consentiens</span> <span class='ocrx_word' id='word_1_182' title='bbox 1295 3231 1373 3313; x_wconf 91' lang='lat' dir='ltr'>sibi</span> <span class='ocrx_word' id='word_1_183' title='bbox 1417 3231 1568 3313; x_wconf 88' lang='lat' dir='ltr'>veritas</span> <span class='ocrx_word' id='word_1_184' title='bbox 1613 3238 1685 3328; x_wconf 90' lang='lat' dir='ltr'>est,</span> 
     </span>
     <span class='ocr_line' id='line_1_23' title="bbox 190 3349 1687 3476; baseline 0.001 -35"><span class='ocrx_word' id='word_1_185' title='bbox 190 3388 323 3469; x_wconf 87' lang='lat' dir='ltr'>neque</span> <span class='ocrx_word' id='word_1_186' title='bbox 362 3361 557 3444; x_wconf 90' lang='lat' dir='ltr'>revelatio</span> <span class='ocrx_word' id='word_1_187' title='bbox 597 3364 838 3447; x_wconf 88' lang='lat' dir='ltr'>veritatibus</span> <span class='ocrx_word' id='word_1_188' title='bbox 878 3366 1065 3464; x_wconf 89' lang='lat' dir='ltr'>rationis,</span> <span class='ocrx_word' id='word_1_189' title='bbox 1085 3349 1089 3358; x_wconf 54' lang='grc'><em>’</em></span> <span class='ocrx_word' id='word_1_190' title='bbox 1111 3393 1245 3472; x_wconf 89' lang='lat' dir='ltr'>neque</span> <span class='ocrx_word' id='word_1_191' title='bbox 1285 3364 1455 3476; x_wconf 86' lang='lat' dir='ltr'>rationis</span> <span class='ocrx_word' id='word_1_192' title='bbox 1493 3362 1687 3444; x_wconf 83' lang='lat' dir='ltr'>veritates</span> 
     </span>
    </p>
   </div>
   <div class='ocr_carea' id='block_1_7' title="bbox 189 3494 1847 3606">
    <p class='ocr_par' dir='ltr' id='par_1_8' title="bbox 189 3494 1847 3606">
     <span class='ocr_line' id='line_1_24' title="bbox 189 3494 1847 3606; baseline 0.002 -33"><span class='ocrx_word' id='word_1_193' title='bbox 189 3520 374 3602; x_wconf 89' lang='lat' dir='ltr'>unquam</span> <span class='ocrx_word' id='word_1_194' title='bbox 412 3494 653 3606; x_wconf 80' lang='lat' dir='ltr'>revelationi</span> <span class='ocrx_word' id='word_1_195' title='bbox 692 3497 972 3579; x_wconf 89' lang='lat' dir='ltr'>contradicere</span> <span class='ocrx_word' id='word_1_196' title='bbox 1012 3507 1225 3606; x_wconf 80' lang='lat' dir='ltr'>possunt3.</span> <span class='ocrx_word' id='word_1_197' title='bbox 1253 3506 1378 3606; x_wconf 87' lang='lat' dir='ltr'>prout</span> <span class='ocrx_word' id='word_1_198' title='bbox 1416 3496 1686 3579; x_wconf 89' lang='lat' dir='ltr'>Beatissimus</span> <span class='ocrx_word' id='word_1_199' title='bbox 1731 3577 1745 3603; x_wconf 8' lang='grc' dir='ltr'>,Ἴ</span> <span class='ocrx_word' id='word_1_200' title='bbox 1844 3587 1847 3593; x_wconf 47' lang='grc'><strong>,</strong></span> 
     </span>
    </p>
   </div>
   <div class='ocr_carea' id='block_1_8' title="bbox 159 3623 1686 3872">
    <p class='ocr_par' dir='ltr' id='par_1_9' title="bbox 159 3623 1686 3872">
     <span class='ocr_line' id='line_1_25' title="bbox 191 3623 1685 3738; baseline -0.002 -28"><span class='ocrx_word' id='word_1_201' title='bbox 191 3626 312 3710; x_wconf 83' lang='lat' dir='ltr'>Pater</span> <span class='ocrx_word' id='word_1_202' title='bbox 331 3637 472 3722; x_wconf 83' lang='lat' dir='ltr'>noster</span> <span class='ocrx_word' id='word_1_203' title='bbox 490 3628 592 3722; x_wconf 52' lang='lat' dir='ltr'>Pius,</span> <span class='ocrx_word' id='word_1_204' title='bbox 608 3628 654 3711; x_wconf 90' lang='lat' dir='ltr'>P.</span> <span class='ocrx_word' id='word_1_205' title='bbox 676 3623 735 3711; x_wconf 75' lang='grc' dir='ltr'>Ρ.1</span> <span class='ocrx_word' id='word_1_206' title='bbox 753 3628 828 3711; x_wconf 87' lang='grc' dir='ltr'>ΙΧ.</span> <span class='ocrx_word' id='word_1_207' title='bbox 861 3631 1096 3713; x_wconf 86' lang='lat' dir='ltr'>clarissimis</span> <span class='ocrx_word' id='word_1_208' title='bbox 1125 3630 1261 3712; x_wconf 90' lang='lat' dir='ltr'>verbis</span> <span class='ocrx_word' id='word_1_209' title='bbox 1291 3629 1492 3738; x_wconf 88' lang='lat' dir='ltr'>exposuit,</span> <span class='ocrx_word' id='word_1_210' title='bbox 1523 3627 1685 3708; x_wconf 90' lang='lat' dir='ltr'>dicens:</span> 
     </span>
     <span class='ocr_line' id='line_1_26' title="bbox 159 3756 1686 3872; baseline -0.002 -30"><span class='ocrx_word' id='word_1_211' title='bbox 159 3820 162 3824; x_wconf 64' lang='grc'><em>»</em></span> <span class='ocrx_word' id='word_1_212' title='bbox 193 3757 305 3859; x_wconf 86' lang='lat' dir='ltr'>„Etsi</span> <span class='ocrx_word' id='word_1_213' title='bbox 334 3756 437 3872; x_wconf 82' lang='lat' dir='ltr'>fides</span> <span class='ocrx_word' id='word_1_214' title='bbox 466 3761 521 3843; x_wconf 91' lang='lat' dir='ltr'>sit</span> <span class='ocrx_word' id='word_1_215' title='bbox 550 3789 675 3870; x_wconf 88' lang='lat' dir='ltr'>supra</span> <span class='ocrx_word' id='word_1_216' title='bbox 704 3763 918 3863; x_wconf 91' lang='lat' dir='ltr'>rationem,</span> <span class='ocrx_word' id='word_1_217' title='bbox 949 3763 1064 3844; x_wconf 94' lang='lat' dir='ltr'>nulla</span> <span class='ocrx_word' id='word_1_218' title='bbox 1093 3773 1233 3845; x_wconf 88' lang='lat' dir='ltr'>tamen</span> <span class='ocrx_word' id='word_1_219' title='bbox 1253 3790 1351 3844; x_wconf 87' lang='lat' dir='ltr'>vera</span> <span class='ocrx_word' id='word_1_220' title='bbox 1371 3760 1571 3844; x_wconf 88' lang='lat' dir='ltr'>dissensio</span> <span class='ocrx_word' id='word_1_221' title='bbox 1591 3758 1686 3840; x_wconf 92' lang='lat' dir='ltr'>nul-</span> 
     </span>
    </p>
   </div>
   <div class='ocr_carea' id='block_1_9' title="bbox 192 3880 1832 4005">
    <p class='ocr_par' dir='ltr' id='par_1_10' title="bbox 192 3880 1832 4005">
     <span class='ocr_line' id='line_1_27' title="bbox 192 3880 1832 4005; baseline 0.001 -32"><span class='ocrx_word' id='word_1_222' title='bbox 192 3892 361 4000; x_wconf 91' lang='lat' dir='ltr'>lumque</span> <span class='ocrx_word' id='word_1_223' title='bbox 405 3892 620 3983; x_wconf 87' lang='lat' dir='ltr'>dissidium</span> <span class='ocrx_word' id='word_1_224' title='bbox 659 3894 765 3976; x_wconf 86' lang='lat' dir='ltr'>inter</span> <span class='ocrx_word' id='word_1_225' title='bbox 803 3896 914 4004; x_wconf 89' lang='lat' dir='ltr'>ipsas</span> <span class='ocrx_word' id='word_1_226' title='bbox 950 3880 1123 3978; x_wconf 87' lang='lat' dir='ltr'>inveniri</span> <span class='ocrx_word' id='word_1_227' title='bbox 1161 3911 1347 4005; x_wconf 89' lang='lat' dir='ltr'>unquam</span> <span class='ocrx_word' id='word_1_228' title='bbox 1386 3904 1543 4003; x_wconf 88' lang='lat' dir='ltr'>potest,</span> <span class='ocrx_word' id='word_1_229' title='bbox 1590 3921 1685 4001; x_wconf 84' lang='lat' dir='ltr'>cum</span> <span class='ocrx_word' id='word_1_230' title='bbox 1826 3884 1832 3890; x_wconf 64' lang='grc'><em>’</em></span> 
     </span>
    </p>
   </div>
   <div class='ocr_carea' id='block_1_10' title="bbox 130 4023 1792 4795">
    <p class='ocr_par' dir='ltr' id='par_1_11' title="bbox 130 4023 1792 4407">
     <span class='ocr_line' id='line_1_28' title="bbox 130 4023 1687 4139; baseline -0.001 -32"><span class='ocrx_word' id='word_1_231' title='bbox 130 4055 134 4063; x_wconf 89' lang='lat'>·</span> <span class='ocrx_word' id='word_1_232' title='bbox 190 4023 339 4108; x_wconf 81' lang='lat' dir='ltr'>ambae</span> <span class='ocrx_word' id='word_1_233' title='bbox 359 4024 413 4108; x_wconf 92' lang='lat' dir='ltr'>ab</span> <span class='ocrx_word' id='word_1_234' title='bbox 433 4054 517 4108; x_wconf 92' lang='lat' dir='ltr'>uno</span> <span class='ocrx_word' id='word_1_235' title='bbox 539 4027 768 4136; x_wconf 90' lang='lat' dir='ltr'>eodemque</span> <span class='ocrx_word' id='word_1_236' title='bbox 785 4028 1053 4112; x_wconf 90' lang='lat' dir='ltr'>immutabilis</span> <span class='ocrx_word' id='word_1_237' title='bbox 1073 4040 1344 4139; x_wconf 83' lang='lat' dir='ltr'>aeternaeque</span> <span class='ocrx_word' id='word_1_238' title='bbox 1364 4025 1547 4111; x_wconf 90' lang='lat' dir='ltr'>veritatis</span> <span class='ocrx_word' id='word_1_239' title='bbox 1562 4025 1687 4121; x_wconf 85' lang='lat' dir='ltr'>fonte,</span> 
     </span>
     <span class='ocr_line' id='line_1_29' title="bbox 192 4133 1792 4269; baseline 0 -30"><span class='ocrx_word' id='word_1_240' title='bbox 192 4157 284 4241; x_wconf 90' lang='lat' dir='ltr'>Deo</span> <span class='ocrx_word' id='word_1_241' title='bbox 324 4155 494 4267; x_wconf 90' lang='lat' dir='ltr'>Optimo</span> <span class='ocrx_word' id='word_1_242' title='bbox 534 4159 717 4241; x_wconf 84' lang='lat' dir='ltr'>Maximo</span> <span class='ocrx_word' id='word_1_243' title='bbox 752 4162 951 4259; x_wconf 85' lang='lat' dir='ltr'>oriantur,</span> <span class='ocrx_word' id='word_1_244' title='bbox 991 4173 1115 4269; x_wconf 91' lang='lat' dir='ltr'>atque</span> <span class='ocrx_word' id='word_1_245' title='bbox 1152 4163 1210 4243; x_wconf 91' lang='lat' dir='ltr'>ita</span> <span class='ocrx_word' id='word_1_246' title='bbox 1240 4133 1317 4254; x_wconf 88' lang='lat' dir='ltr'>sibi</span> <span class='ocrx_word' id='word_1_247' title='bbox 1347 4155 1535 4242; x_wconf 83' lang='lat' dir='ltr'>mutuam</span> <span class='ocrx_word' id='word_1_248' title='bbox 1565 4178 1687 4268; x_wconf 82' lang='lat' dir='ltr'>opem</span> <span class='ocrx_word' id='word_1_249' title='bbox 1787 4235 1792 4239; x_wconf 84' lang='lat'>.</span> 
     </span>
     <span class='ocr_line' id='line_1_30' title="bbox 191 4276 1732 4407; baseline -0.003 -35"><span class='ocrx_word' id='word_1_250' title='bbox 191 4289 334 4407; x_wconf 70' lang='lat' dir='ltr'>ferant,</span> <span class='ocrx_word' id='word_1_251' title='bbox 365 4301 412 4372; x_wconf 95' lang='lat' dir='ltr'>ut</span> <span class='ocrx_word' id='word_1_252' title='bbox 441 4302 554 4374; x_wconf 88' lang='lat' dir='ltr'>recta</span> <span class='ocrx_word' id='word_1_253' title='bbox 582 4293 701 4373; x_wconf 91' lang='lat' dir='ltr'>ratio·</span> <span class='ocrx_word' id='word_1_254' title='bbox 718 4276 813 4374; x_wconf 88' lang='lat' dir='ltr'>fidei</span> <span class='ocrx_word' id='word_1_255' title='bbox 843 4289 1057 4375; x_wconf 84' lang='lat' dir='ltr'>veritatem</span> <span class='ocrx_word' id='word_1_256' title='bbox 1096 4295 1369 4391; x_wconf 87' lang='lat' dir='ltr'>demonstret,</span> <span class='ocrx_word' id='word_1_257' title='bbox 1409 4300 1583 4397; x_wconf 81' lang='lat' dir='ltr'>tueatur,</span> <span class='ocrx_word' id='word_1_258' title='bbox 1614 4288 1687 4369; x_wconf 89' lang='lat' dir='ltr'>de·</span> <span class='ocrx_word' id='word_1_259' title='bbox 1729 4295 1732 4300; x_wconf 82' lang='grc'><strong>’</strong></span> 
     </span>
    </p>

    <p class='ocr_par' dir='ltr' id='par_1_12' title="bbox 192 4420 1688 4795">
     <span class='ocr_line' id='line_1_31' title="bbox 192 4420 1687 4526; baseline -0.001 -24"><span class='ocrx_word' id='word_1_260' title='bbox 192 4421 360 4526; x_wconf 73' lang='lat' dir='ltr'>tendat,</span> <span class='ocrx_word' id='word_1_261' title='bbox 406 4421 512 4504; x_wconf 86' lang='lat' dir='ltr'>fides</span> <span class='ocrx_word' id='word_1_262' title='bbox 554 4452 652 4505; x_wconf 92' lang='lat' dir='ltr'>vero</span> <span class='ocrx_word' id='word_1_263' title='bbox 697 4425 898 4508; x_wconf 86' lang='lat' dir='ltr'>rationem</span> <span class='ocrx_word' id='word_1_264' title='bbox 946 4424 1000 4508; x_wconf 91' lang='lat' dir='ltr'>ab</span> <span class='ocrx_word' id='word_1_265' title='bbox 1046 4425 1239 4507; x_wconf 90' lang='lat' dir='ltr'>omnibus</span> <span class='ocrx_word' id='word_1_266' title='bbox 1284 4422 1489 4506; x_wconf 90' lang='lat' dir='ltr'>erroribus</span> <span class='ocrx_word' id='word_1_267' title='bbox 1533 4420 1687 4518; x_wconf 83' lang='lat' dir='ltr'>liberet,</span> 
     </span>
     <span class='ocr_line' id='line_1_32' title="bbox 193 4542 1688 4663; baseline -0.002 -29"><span class='ocrx_word' id='word_1_268' title='bbox 193 4581 367 4662; x_wconf 90' lang='lat' dir='ltr'>eamque</span> <span class='ocrx_word' id='word_1_269' title='bbox 397 4554 630 4636; x_wconf 88' lang='lat' dir='ltr'>divinarum</span> <span class='ocrx_word' id='word_1_270' title='bbox 659 4581 795 4636; x_wconf 89' lang='lat' dir='ltr'>rerum</span> <span class='ocrx_word' id='word_1_271' title='bbox 826 4555 1063 4663; x_wconf 90' lang='lat' dir='ltr'>cognitione</span> <span class='ocrx_word' id='word_1_272' title='bbox 1093 4555 1261 4637; x_wconf 88' lang='lat' dir='ltr'>mirifice</span> <span class='ocrx_word' id='word_1_273' title='bbox 1301 4542 1495 4653; x_wconf 81' lang='lat' dir='ltr'>illustret,</span> <span class='ocrx_word' id='word_1_274' title='bbox 1538 4551 1688 4634; x_wconf 90' lang='lat' dir='ltr'>confir-</span> 
     </span>
     <span class='ocr_line' id='line_1_33' title="bbox 192 4685 1688 4795; baseline 0 -29"><span class='ocrx_word' id='word_1_275' title='bbox 192 4695 280 4768; x_wconf 88' lang='lat' dir='ltr'>met</span> <span class='ocrx_word' id='word_1_276' title='bbox 317 4697 442 4794; x_wconf 88' lang='lat' dir='ltr'>atque</span> <span class='ocrx_word' id='word_1_277' title='bbox 481 4686 703 4795; x_wconf 82' lang='lat' dir='ltr'>perficiat.“</span> <span class='ocrx_word' id='word_1_278' title='bbox 726 4685 757 4767; x_wconf 91' lang='grc'>1)</span> <span class='ocrx_word' id='word_1_279' title='bbox 803 4687 926 4770; x_wconf 85' lang='lat' dir='ltr'>Absit</span> <span class='ocrx_word' id='word_1_280' title='bbox 955 4717 1041 4770; x_wconf 90' lang='lat' dir='ltr'>non</span> <span class='ocrx_word' id='word_1_281' title='bbox 1061 4690 1208 4776; x_wconf 79' lang='lat' dir='ltr'>¹minus</span> <span class='ocrx_word' id='word_1_282' title='bbox 1237 4688 1340 4771; x_wconf 82' lang='lat' dir='ltr'>alter</span> <span class='ocrx_word' id='word_1_283' title='bbox 1369 4689 1552 4769; x_wconf 86' lang='lat' dir='ltr'>virorum</span> <span class='ocrx_word' id='word_1_284' title='bbox 1582 4713 1688 4793; x_wconf 93' lang='lat' dir='ltr'>quo-</span> 
     </span>
    </p>
   </div>
   <div class='ocr_carea' id='block_1_11' title="bbox 193 4803 1821 4929">
    <p class='ocr_par' dir='ltr' id='par_1_13' title="bbox 193 4803 1821 4929">
     <span class='ocr_line' id='line_1_34' title="bbox 193 4803 1821 4929; baseline -0.001 -30"><span class='ocrx_word' id='word_1_285' title='bbox 193 4803 383 4899; x_wconf 83' lang='lat' dir='ltr'>rumdam</span> <span class='ocrx_word' id='word_1_286' title='bbox 414 4819 642 4920; x_wconf 88' lang='lat' dir='ltr'>eruditione</span> <span class='ocrx_word' id='word_1_287' title='bbox 672 4822 969 4928; x_wconf 89' lang='lat' dir='ltr'>praestantium</span> <span class='ocrx_word' id='word_1_288' title='bbox 1000 4850 1120 4921; x_wconf 91' lang='lat' dir='ltr'>error,</span> <span class='ocrx_word' id='word_1_289' title='bbox 1152 4822 1234 4929; x_wconf 91' lang='lat' dir='ltr'>qui,</span> <span class='ocrx_word' id='word_1_290' title='bbox 1266 4832 1313 4903; x_wconf 93' lang='lat' dir='ltr'>ut</span> <span class='ocrx_word' id='word_1_291' title='bbox 1336 4819 1473 4903; x_wconf 90' lang='lat' dir='ltr'>verbis</span> <span class='ocrx_word' id='word_1_292' title='bbox 1502 4818 1687 4928; x_wconf 90' lang='lat' dir='ltr'>ejusdem</span> <span class='ocrx_word' id='word_1_293' title='bbox 1736 4830 1740 4834; x_wconf 82' lang='grc'><strong>’</strong></span> <span class='ocrx_word' id='word_1_294' title='bbox 1810 4850 1821 4890; x_wconf 74' lang='lat' dir='ltr'>x</span> 
     </span>
    </p>
   </div>
   <div class='ocr_carea' id='block_1_12' title="bbox 194 4946 1689 5072">
    <p class='ocr_par' dir='ltr' id='par_1_14' title="bbox 194 4946 1689 5072">
     <span class='ocr_line' id='line_1_35' title="bbox 194 4946 1689 5072; baseline 0 -42"><span class='ocrx_word' id='word_1_295' title='bbox 194 4946 449 5033; x_wconf 85' lang='lat' dir='ltr'>Sanctissimi</span> <span class='ocrx_word' id='word_1_296' title='bbox 480 4952 623 5033; x_wconf 89' lang='lat' dir='ltr'>Patris</span> <span class='ocrx_word' id='word_1_297' title='bbox 643 4953 873 5062; x_wconf 90' lang='lat' dir='ltr'>loquamur,</span> <span class='ocrx_word' id='word_1_298' title='bbox 909 4955 1186 5072; x_wconf 80' lang='lat' dir='ltr'>„religionem</span> <span class='ocrx_word' id='word_1_299' title='bbox 1210 4978 1362 5034; x_wconf 91' lang='lat' dir='ltr'>munus</span> <span class='ocrx_word' id='word_1_300' title='bbox 1392 4966 1481 5036; x_wconf 84' lang='lat' dir='ltr'>esse</span> <span class='ocrx_word' id='word_1_301' title='bbox 1509 4951 1689 5032; x_wconf 88' lang='lat' dir='ltr'>fatentur</span> 
     </span>
    </p>
   </div>
   <div class='ocr_carea' id='block_1_13' title="bbox 225 5138 389 5146">
    <p class='ocr_par' dir='ltr' id='par_1_15' title="bbox 225 5138 389 5146">
     <span class='ocr_line' id='line_1_36' title="bbox 225 5138 389 5146; baseline 0.012 -2"><span class='ocrx_word' id='word_1_302' title='bbox 225 5139 237 5144; x_wconf 89' lang='lat'>-</span> <span class='ocrx_word' id='word_1_303' title='bbox 263 5138 389 5146; x_wconf 75' lang='lat'><em>-—-—-..</em></span> 
     </span>
    </p>
   </div>
   <div class='ocr_carea' id='block_1_14' title="bbox 243 5194 1158 5282">
    <p class='ocr_par' dir='ltr' id='par_1_16' title="bbox 243 5194 1158 5282">
     <span class='ocr_line' id='line_1_37' title="bbox 243 5194 1158 5282; baseline 0.013 -26"><span class='ocrx_word' id='word_1_304' title='bbox 243 5195 264 5279; x_wconf 88' lang='lat'>¹)</span> <span class='ocrx_word' id='word_1_305' title='bbox 286 5194 388 5279; x_wconf 75' lang='lat' dir='ltr'>Epist</span> <span class='ocrx_word' id='word_1_306' title='bbox 411 5196 545 5282; x_wconf 77' lang='lat' dir='ltr'>Encycl.</span> <span class='ocrx_word' id='word_1_307' title='bbox 568 5196 608 5261; x_wconf 82' lang='lat' dir='ltr'>‹le</span> <span class='ocrx_word' id='word_1_308' title='bbox 631 5201 682 5267; x_wconf 86' lang='lat' dir='ltr'>die</span> <span class='ocrx_word' id='word_1_309' title='bbox 706 5204 734 5265; x_wconf 83' lang='grc'>9.</span> <span class='ocrx_word' id='word_1_310' title='bbox 759 5203 929 5268; x_wconf 76' lang='lat' dir='ltr'>novemb..</span> <span class='ocrx_word' id='word_1_311' title='bbox 946 5204 1034 5266; x_wconf 83' lang='grc'><strong>1846.</strong></span> <span class='ocrx_word' id='word_1_312' title='bbox 1156 5238 1158 5244; x_wconf 92' lang='grc'><strong><em>·</em></strong></span> 
     </span>
    </p>
   </div>
   <div class='ocr_carea' id='block_1_15' title="bbox 0 0 1999 5956">
    <p class='ocr_par' dir='ltr' id='par_1_17' title="bbox 0 0 1999 5956">
     <span class='ocr_line' id='line_1_38' title="bbox 0 0 1999 5956; baseline 0 0"><span class='ocrx_word' id='word_1_313' title='bbox 0 0 1999 5956; x_wconf 95' lang='lat' dir='ltr'> </span> 
     </span>
    </p>
   </div>
  </div>
 </body>
</html>
