<?xml version="1.0" encoding="UTF-8"?>
<!DOCTYPE html PUBLIC "-//W3C//DTD XHTML 1.0 Transitional//EN"
    "http://www.w3.org/TR/xhtml1/DTD/xhtml1-transitional.dtd">
<html xmlns="http://www.w3.org/1999/xhtml" xml:lang="en" lang="en">
 <head>
  <title>
</title>
<meta http-equiv="Content-Type" content="text/html;charset=utf-8" />
  <meta name='ocr-system' content='tesseract 3.04.00' />
  <meta name='ocr-capabilities' content='ocr_page ocr_carea ocr_par ocr_line ocrx_word'/>
</head>
<body>
  <div class='ocr_page' id='page_1' title='image "actaetdecretaco00schwgoog_0150.png"; bbox 0 0 3960 5956; ppageno 0'>
   <div class='ocr_carea' id='block_1_1' title="bbox 229 307 1721 784">
    <p class='ocr_par' dir='ltr' id='par_1_1' title="bbox 229 284 1721 784">
     <span class='ocr_line' id='line_1_1' title="bbox 1676 307 1721 406; baseline 0 0"><span class='ocrx_word' id='word_1_1' title='bbox 1676 307 1721 406; x_wconf 75' lang='lat' dir='ltr'>&#39;a</span> 
     </span>
     <span class='ocr_line' id='line_1_2' title="bbox 343 512 1720 652; baseline 0.002 -29"><span class='ocrx_word' id='word_1_2' title='bbox 343 539 442 624; x_wconf 89' lang='lat' dir='ltr'>Non</span> <span class='ocrx_word' id='word_1_3' title='bbox 470 543 608 624; x_wconf 91' lang='lat' dir='ltr'>minus</span> <span class='ocrx_word' id='word_1_4' title='bbox 638 571 760 652; x_wconf 90' lang='lat' dir='ltr'>porro</span> <span class='ocrx_word' id='word_1_5' title='bbox 782 542 923 625; x_wconf 91' lang='lat' dir='ltr'>fideles</span> <span class='ocrx_word' id='word_1_6' title='bbox 943 512 1196 652; x_wconf 82' lang='lat' dir='ltr'>gravissimis</span> <span class='ocrx_word' id='word_1_7' title='bbox 1215 554 1433 652; x_wconf 84' lang='lat' dir='ltr'>pastorum</span> <span class='ocrx_word' id='word_1_8' title='bbox 1460 543 1597 626; x_wconf 90' lang='lat' dir='ltr'>verbis</span> <span class='ocrx_word' id='word_1_9' title='bbox 1627 572 1720 626; x_wconf 95' lang='lat' dir='ltr'>mo-</span> 
     </span>
     <span class='ocr_line' id='line_1_3' title="bbox 229 673 1720 784; baseline 0.002 -29"><span class='ocrx_word' id='word_1_10' title='bbox 229 686 413 774; x_wconf 90' lang='lat' dir='ltr'>neantur,</span> <span class='ocrx_word' id='word_1_11' title='bbox 444 686 485 756; x_wconf 91' lang='lat' dir='ltr'>et</span> <span class='ocrx_word' id='word_1_12' title='bbox 514 676 605 784; x_wconf 91' lang='lat' dir='ltr'>ipsa</span> <span class='ocrx_word' id='word_1_13' title='bbox 634 676 737 756; x_wconf 89' lang='lat' dir='ltr'>haec</span> <span class='ocrx_word' id='word_1_14' title='bbox 762 673 959 783; x_wconf 87' lang='lat' dir='ltr'>Synodus</span> <span class='ocrx_word' id='word_1_15' title='bbox 988 703 1060 757; x_wconf 91' lang='lat' dir='ltr'>eos</span> <span class='ocrx_word' id='word_1_16' title='bbox 1088 703 1165 783; x_wconf 88' lang='lat' dir='ltr'>pro</span> <span class='ocrx_word' id='word_1_17' title='bbox 1195 674 1287 757; x_wconf 90' lang='lat' dir='ltr'>Dec</span> <span class='ocrx_word' id='word_1_18' title='bbox 1318 684 1369 756; x_wconf 90' lang='lat' dir='ltr'>et·</span> <span class='ocrx_word' id='word_1_19' title='bbox 1386 687 1553 784; x_wconf 89' lang='lat' dir='ltr'>propter</span> <span class='ocrx_word' id='word_1_20' title='bbox 1582 674 1720 758; x_wconf 92' lang='lat' dir='ltr'>Deum</span> 
     </span>
    </p>
   </div>
   <div class='ocr_carea' id='block_1_2' title="bbox 219 805 1720 1058">
    <p class='ocr_par' dir='ltr' id='par_1_2' title="bbox 219 805 1720 1058">
     <span class='ocr_line' id='line_1_4' title="bbox 219 805 1720 917; baseline 0 -29"><span class='ocrx_word' id='word_1_21' title='bbox 219 816 485 907; x_wconf 87' lang='lat' dir='ltr'>commonet,</span> <span class='ocrx_word' id='word_1_22' title='bbox 516 820 562 890; x_wconf 92' lang='lat' dir='ltr'>ut</span> <span class='ocrx_word' id='word_1_23' title='bbox 592 808 738 890; x_wconf 90' lang='lat' dir='ltr'>eodem</span> <span class='ocrx_word' id='word_1_24' title='bbox 768 807 946 908; x_wconf 87' lang='lat' dir='ltr'>fervore,</span> <span class='ocrx_word' id='word_1_25' title='bbox 977 834 1061 917; x_wconf 92' lang='lat' dir='ltr'>quo</span> <span class='ocrx_word' id='word_1_26' title='bbox 1102 805 1310 889; x_wconf 86' lang='lat' dir='ltr'>salutifera</span> <span class='ocrx_word' id='word_1_27' title='bbox 1338 805 1489 888; x_wconf 80' lang='lat' dir='ltr'><strong>Missae</strong></span> <span class='ocrx_word' id='word_1_28' title='bbox 1519 807 1720 889; x_wconf 82' lang='lat' dir='ltr'>sollennia</span> 
     </span>
     <span class='ocr_line' id='line_1_5' title="bbox 227 938 1719 1058; baseline 0 -38"><span class='ocrx_word' id='word_1_29' title='bbox 227 939 484 1048; x_wconf 83' lang='lat' dir='ltr'>frequentare</span> <span class='ocrx_word' id='word_1_30' title='bbox 511 943 705 1051; x_wconf 84' lang='lat' dir='ltr'>oportet,</span> <span class='ocrx_word' id='word_1_31' title='bbox 749 941 804 1023; x_wconf 86' lang='lat' dir='ltr'>ad</span> <span class='ocrx_word' id='word_1_32' title='bbox 842 940 956 1023; x_wconf 91' lang='lat' dir='ltr'>verbi</span> <span class='ocrx_word' id='word_1_33' title='bbox 997 940 1126 1022; x_wconf 91' lang='lat' dir='ltr'>divini</span> <span class='ocrx_word' id='word_1_34' title='bbox 1143 1049 1148 1058; x_wconf 37' lang='lat'>,</span> <span class='ocrx_word' id='word_1_35' title='bbox 1166 966 1332 1047; x_wconf 89' lang='lat' dir='ltr'>quoque</span> <span class='ocrx_word' id='word_1_36' title='bbox 1370 938 1719 1047; x_wconf 80' lang='lat' dir='ltr'>praedicationem</span> 
     </span>
    </p>
   </div>
   <div class='ocr_carea' id='block_1_3' title="bbox 226 1070 1856 1199">
    <p class='ocr_par' dir='ltr' id='par_1_3' title="bbox 226 1070 1856 1199">
     <span class='ocr_line' id='line_1_6' title="bbox 226 1070 1856 1199; baseline 0.004 -47"><span class='ocrx_word' id='word_1_37' title='bbox 226 1070 429 1172; x_wconf 81' lang='lat' dir='ltr'>festinent,</span> <span class='ocrx_word' id='word_1_38' title='bbox 460 1100 589 1180; x_wconf 92' lang='lat' dir='ltr'>quum</span> <span class='ocrx_word' id='word_1_39' title='bbox 619 1083 672 1155; x_wconf 91' lang='lat' dir='ltr'>et</span> <span class='ocrx_word' id='word_1_40' title='bbox 688 1072 803 1199; x_wconf 87' lang='lat' dir='ltr'>illam</span> <span class='ocrx_word' id='word_1_41' title='bbox 826 1075 967 1182; x_wconf 63' lang='lat' dir='ltr'>¹ipsam</span> <span class='ocrx_word' id='word_1_42' title='bbox 996 1102 1047 1155; x_wconf 85' lang='lat' dir='ltr'>ex</span> <span class='ocrx_word' id='word_1_43' title='bbox 1077 1072 1363 1179; x_wconf 89' lang='lat' dir='ltr'>antiquissima</span> <span class='ocrx_word' id='word_1_44' title='bbox 1392 1071 1601 1153; x_wconf 81' lang='lat' dir='ltr'>Ecclesiae</span> <span class='ocrx_word' id='word_1_45' title='bbox 1631 1070 1716 1153; x_wconf 89' lang='lat' dir='ltr'>dis·</span> <span class='ocrx_word' id='word_1_46' title='bbox 1833 1131 1856 1159; x_wconf 89' lang='lat'>-.</span> 
     </span>
    </p>
   </div>
   <div class='ocr_carea' id='block_1_4' title="bbox 173 1201 1720 1577">
    <p class='ocr_par' dir='ltr' id='par_1_4' title="bbox 173 1201 1720 1577">
     <span class='ocr_line' id='line_1_7' title="bbox 228 1201 1719 1314; baseline -0.001 -29"><span class='ocrx_word' id='word_1_47' title='bbox 228 1201 380 1312; x_wconf 90' lang='lat' dir='ltr'>ciplina</span> <span class='ocrx_word' id='word_1_48' title='bbox 402 1201 619 1286; x_wconf 80' lang='lat' dir='ltr'>Sacrificio</span> <span class='ocrx_word' id='word_1_49' title='bbox 650 1204 800 1288; x_wconf 85' lang='lat' dir='ltr'>Missae</span> <span class='ocrx_word' id='word_1_50' title='bbox 816 1232 818 1238; x_wconf 86' lang='lat'>·</span> <span class='ocrx_word' id='word_1_51' title='bbox 821 1208 1012 1314; x_wconf 78' lang='lat' dir='ltr'>junctam</span> <span class='ocrx_word' id='word_1_52' title='bbox 1042 1227 1131 1286; x_wconf 89' lang='lat' dir='ltr'>esse</span> <span class='ocrx_word' id='word_1_53' title='bbox 1171 1215 1212 1285; x_wconf 91' lang='lat' dir='ltr'>et</span> <span class='ocrx_word' id='word_1_54' title='bbox 1250 1203 1305 1284; x_wconf 93' lang='lat' dir='ltr'>ad</span> <span class='ocrx_word' id='word_1_55' title='bbox 1342 1202 1497 1284; x_wconf 88' lang='lat' dir='ltr'>cultum</span> <span class='ocrx_word' id='word_1_56' title='bbox 1529 1204 1719 1286; x_wconf 89' lang='lat' dir='ltr'>divinum</span> 
     </span>
     <span class='ocr_line' id='line_1_8' title="bbox 228 1335 1718 1447; baseline 0.001 -31"><span class='ocrx_word' id='word_1_57' title='bbox 228 1336 429 1442; x_wconf 90' lang='lat' dir='ltr'>pertinere</span> <span class='ocrx_word' id='word_1_58' title='bbox 468 1337 538 1418; x_wconf 84' lang='lat' dir='ltr'>vix</span> <span class='ocrx_word' id='word_1_59' title='bbox 567 1338 757 1446; x_wconf 88' lang='lat' dir='ltr'>ignorare</span> <span class='ocrx_word' id='word_1_60' title='bbox 786 1339 956 1447; x_wconf 82' lang='lat' dir='ltr'>possint.</span> <span class='ocrx_word' id='word_1_61' title='bbox 1016 1335 1132 1418; x_wconf 89' lang='lat' dir='ltr'>Nihil</span> <span class='ocrx_word' id='word_1_62' title='bbox 1160 1335 1344 1444; x_wconf 84' lang='lat' dir='ltr'>profecto</span> <span class='ocrx_word' id='word_1_63' title='bbox 1382 1347 1469 1416; x_wconf 89' lang='lat' dir='ltr'>tam</span> <span class='ocrx_word' id='word_1_64' title='bbox 1498 1336 1718 1446; x_wconf 89' lang='lat' dir='ltr'>indignum</span> 
     </span>
     <span class='ocr_line' id='line_1_9' title="bbox 173 1463 1720 1577; baseline 0 -28"><span class='ocrx_word' id='word_1_65' title='bbox 173 1471 175 1475; x_wconf 71' lang='grc'>’</span> <span class='ocrx_word' id='word_1_66' title='bbox 229 1463 476 1565; x_wconf 80' lang='lat' dir='ltr'>Christiano,</span> <span class='ocrx_word' id='word_1_67' title='bbox 523 1496 648 1577; x_wconf 89' lang='lat' dir='ltr'>quam</span> <span class='ocrx_word' id='word_1_68' title='bbox 690 1468 844 1552; x_wconf 83' lang='lat' dir='ltr'>Christi</span> <span class='ocrx_word' id='word_1_69' title='bbox 866 1468 1009 1552; x_wconf 89' lang='lat' dir='ltr'>verba</span> <span class='ocrx_word' id='word_1_70' title='bbox 1048 1477 1309 1563; x_wconf 88' lang='lat' dir='ltr'>contemnere</span> <span class='ocrx_word' id='word_1_71' title='bbox 1352 1477 1424 1548; x_wconf 90' lang='lat' dir='ltr'>aut</span> <span class='ocrx_word' id='word_1_72' title='bbox 1462 1467 1720 1577; x_wconf 83' lang='lat' dir='ltr'>negligenter</span> 
     </span>
    </p>
   </div>
   <div class='ocr_carea' id='block_1_5' title="bbox 228 1595 1881 1709">
    <p class='ocr_par' dir='ltr' id='par_1_5' title="bbox 228 1595 1881 1709">
     <span class='ocr_line' id='line_1_10' title="bbox 228 1595 1881 1709; baseline -0.001 -30"><span class='ocrx_word' id='word_1_73' title='bbox 228 1598 387 1697; x_wconf 82' lang='lat' dir='ltr'>audire,</span> <span class='ocrx_word' id='word_1_74' title='bbox 403 1595 438 1680; x_wconf 80' lang='lat'>3)</span> <span class='ocrx_word' id='word_1_75' title='bbox 470 1601 709 1708; x_wconf 90' lang='lat' dir='ltr'>praesertim</span> <span class='ocrx_word' id='word_1_76' title='bbox 738 1628 867 1709; x_wconf 93' lang='lat' dir='ltr'>quum</span> <span class='ocrx_word' id='word_1_77' title='bbox 897 1630 982 1687; x_wconf 89' lang='lat' dir='ltr'>non</span> <span class='ocrx_word' id='word_1_78' title='bbox 1012 1611 1174 1682; x_wconf 88' lang='lat' dir='ltr'>tantum</span> <span class='ocrx_word' id='word_1_79' title='bbox 1203 1601 1471 1682; x_wconf 85' lang='lat' dir='ltr'>instructione</span> <span class='ocrx_word' id='word_1_80' title='bbox 1494 1602 1549 1681; x_wconf 90' lang='lat' dir='ltr'>in</span> <span class='ocrx_word' id='word_1_81' title='bbox 1578 1600 1717 1709; x_wconf 89' lang='lat' dir='ltr'>religi·</span> <span class='ocrx_word' id='word_1_82' title='bbox 1875 1649 1881 1659; x_wconf 87' lang='lat'><strong>·</strong></span> 
     </span>
    </p>
   </div>
   <div class='ocr_carea' id='block_1_6' title="bbox 224 1730 1719 3035">
    <p class='ocr_par' dir='ltr' id='par_1_6' title="bbox 224 1730 1719 3035">
     <span class='ocr_line' id='line_1_11' title="bbox 228 1730 1719 1833; baseline -0.001 -20"><span class='ocrx_word' id='word_1_83' title='bbox 228 1731 318 1813; x_wconf 91' lang='lat' dir='ltr'>onis</span> <span class='ocrx_word' id='word_1_84' title='bbox 348 1730 554 1833; x_wconf 89' lang='lat' dir='ltr'>doctrina,</span> <span class='ocrx_word' id='word_1_85' title='bbox 594 1733 668 1815; x_wconf 88' lang='lat' dir='ltr'>sed</span> <span class='ocrx_word' id='word_1_86' title='bbox 707 1735 830 1815; x_wconf 88' lang='lat' dir='ltr'>etiam</span> <span class='ocrx_word' id='word_1_87' title='bbox 860 1733 1213 1816; x_wconf 83' lang='lat' dir='ltr'>cohortationibus</span> <span class='ocrx_word' id='word_1_88' title='bbox 1249 1742 1290 1815; x_wconf 92' lang='lat' dir='ltr'>et</span> <span class='ocrx_word' id='word_1_89' title='bbox 1319 1730 1617 1813; x_wconf 86' lang='lat' dir='ltr'>monitionibus</span> <span class='ocrx_word' id='word_1_90' title='bbox 1654 1732 1719 1812; x_wconf 91' lang='lat' dir='ltr'>in-</span> 
     </span>
     <span class='ocr_line' id='line_1_12' title="bbox 228 1843 1719 1974; baseline 0 -28"><span class='ocrx_word' id='word_1_91' title='bbox 228 1863 384 1974; x_wconf 89' lang='lat' dir='ltr'>digeat,</span> <span class='ocrx_word' id='word_1_92' title='bbox 415 1875 463 1947; x_wconf 92' lang='lat' dir='ltr'>ut</span> <span class='ocrx_word' id='word_1_93' title='bbox 490 1866 534 1946; x_wconf 89' lang='lat' dir='ltr'>in</span> <span class='ocrx_word' id='word_1_94' title='bbox 556 1865 697 1948; x_wconf 86' lang='lat' dir='ltr'>stadio</span> <span class='ocrx_word' id='word_1_95' title='bbox 727 1867 888 1948; x_wconf 91' lang='lat' dir='ltr'>virtutis</span> <span class='ocrx_word' id='word_1_96' title='bbox 908 1865 1091 1948; x_wconf 88' lang='lat' dir='ltr'>firmetur</span> <span class='ocrx_word' id='word_1_97' title='bbox 1120 1874 1161 1946; x_wconf 94' lang='lat' dir='ltr'>et</span> <span class='ocrx_word' id='word_1_98' title='bbox 1190 1875 1335 1947; x_wconf 88' lang='lat' dir='ltr'>contra</span> <span class='ocrx_word' id='word_1_99' title='bbox 1359 1864 1547 1972; x_wconf 87' lang='lat' dir='ltr'>pericula</span> <span class='ocrx_word' id='word_1_100' title='bbox 1576 1843 1719 1946; x_wconf 81' lang='lat' dir='ltr'>salutis</span> 
     </span>
     <span class='ocr_line' id='line_1_13' title="bbox 226 1990 1719 2106; baseline 0 -28"><span class='ocrx_word' id='word_1_101' title='bbox 226 1998 447 2101; x_wconf 87' lang='lat' dir='ltr'>muniatur.</span> <span class='ocrx_word' id='word_1_102' title='bbox 488 1990 654 2098; x_wconf 77' lang='lat' dir='ltr'>Exinde</span> <span class='ocrx_word' id='word_1_103' title='bbox 680 1998 913 2081; x_wconf 87' lang='lat' dir='ltr'>catecheses</span> <span class='ocrx_word' id='word_1_104' title='bbox 944 2025 1129 2106; x_wconf 91' lang='lat' dir='ltr'>quoque,</span> <span class='ocrx_word' id='word_1_105' title='bbox 1160 2025 1266 2105; x_wconf 90' lang='lat' dir='ltr'>quae</span> <span class='ocrx_word' id='word_1_106' title='bbox 1296 1997 1583 2105; x_wconf 84' lang='lat' dir='ltr'>pomeridiano</span> <span class='ocrx_word' id='word_1_107' title='bbox 1614 2007 1719 2078; x_wconf 90' lang='lat' dir='ltr'>tem·</span> 
     </span>
     <span class='ocr_line' id='line_1_14' title="bbox 226 2128 1719 2240; baseline 0.001 -30"><span class='ocrx_word' id='word_1_108' title='bbox 226 2154 326 2238; x_wconf 91' lang='lat' dir='ltr'>pore</span> <span class='ocrx_word' id='word_1_109' title='bbox 355 2129 579 2230; x_wconf 83' lang='lat' dir='ltr'>habentur,</span> <span class='ocrx_word' id='word_1_110' title='bbox 611 2130 838 2240; x_wconf 79' lang='lat' dir='ltr'>diligenter</span> <span class='ocrx_word' id='word_1_111' title='bbox 876 2130 1145 2239; x_wconf 83' lang='lat' dir='ltr'>frequentent,</span> <span class='ocrx_word' id='word_1_112' title='bbox 1190 2128 1270 2210; x_wconf 89' lang='lat' dir='ltr'>hac</span> <span class='ocrx_word' id='word_1_113' title='bbox 1315 2130 1532 2211; x_wconf 88' lang='lat' dir='ltr'>occasione</span> <span class='ocrx_word' id='word_1_114' title='bbox 1560 2157 1719 2239; x_wconf 91' lang='lat' dir='ltr'>augen-</span> 
     </span>
     <span class='ocr_line' id='line_1_15' title="bbox 226 2243 1718 2372; baseline 0.001 -31"><span class='ocrx_word' id='word_1_115' title='bbox 226 2258 313 2341; x_wconf 51' lang='lat' dir='ltr'>dae¹</span> <span class='ocrx_word' id='word_1_116' title='bbox 333 2262 528 2343; x_wconf 88' lang='lat' dir='ltr'>scientiae</span> <span class='ocrx_word' id='word_1_117' title='bbox 557 2261 769 2372; x_wconf 90' lang='lat' dir='ltr'>religionis</span> <span class='ocrx_word' id='word_1_118' title='bbox 798 2264 912 2344; x_wconf 89' lang='lat' dir='ltr'>onmi</span> <span class='ocrx_word' id='word_1_119' title='bbox 941 2273 1102 2345; x_wconf 87' lang='lat' dir='ltr'>utentes</span> <span class='ocrx_word' id='word_1_120' title='bbox 1122 2261 1353 2369; x_wconf 67' lang='lat' dir='ltr'>industria.</span> <span class='ocrx_word' id='word_1_121' title='bbox 1377 2259 1568 2344; x_wconf 87' lang='lat' dir='ltr'>Graviter</span> <span class='ocrx_word' id='word_1_122' title='bbox 1597 2243 1718 2370; x_wconf 85' lang='lat' dir='ltr'>prae·</span> 
     </span>
     <span class='ocr_line' id='line_1_16' title="bbox 225 2375 1718 2503; baseline 0 -28"><span class='ocrx_word' id='word_1_123' title='bbox 225 2393 365 2476; x_wconf 89' lang='lat' dir='ltr'>sertim</span> <span class='ocrx_word' id='word_1_124' title='bbox 385 2393 522 2477; x_wconf 88' lang='lat' dir='ltr'>officio</span> <span class='ocrx_word' id='word_1_125' title='bbox 553 2422 628 2478; x_wconf 89' lang='lat' dir='ltr'>suo</span> <span class='ocrx_word' id='word_1_126' title='bbox 653 2375 822 2496; x_wconf 83' lang='lat' dir='ltr'>deesset,</span> <span class='ocrx_word' id='word_1_127' title='bbox 853 2396 925 2503; x_wconf 94' lang='lat' dir='ltr'>qui</span> <span class='ocrx_word' id='word_1_128' title='bbox 954 2422 1018 2477; x_wconf 88' lang='lat' dir='ltr'>res</span> <span class='ocrx_word' id='word_1_129' title='bbox 1048 2395 1102 2476; x_wconf 89' lang='lat' dir='ltr'>ad</span> <span class='ocrx_word' id='word_1_130' title='bbox 1132 2394 1306 2476; x_wconf 89' lang='lat' dir='ltr'>salutem</span> <span class='ocrx_word' id='word_1_131' title='bbox 1327 2395 1576 2476; x_wconf 88' lang='lat' dir='ltr'>necessarias</span> <span class='ocrx_word' id='word_1_132' title='bbox 1596 2384 1718 2503; x_wconf 87' lang='lat' dir='ltr'>igno-</span> 
     </span>
     <span class='ocr_line' id='line_1_17' title="bbox 224 2526 1717 2637; baseline -0.004 -25"><span class='ocrx_word' id='word_1_133' title='bbox 224 2552 340 2627; x_wconf 72' lang='lat' dir='ltr'>runS,</span> <span class='ocrx_word' id='word_1_134' title='bbox 381 2527 591 2610; x_wconf 89' lang='lat' dir='ltr'>doctrinae</span> <span class='ocrx_word' id='word_1_135' title='bbox 620 2529 865 2610; x_wconf 83' lang='lat' dir='ltr'>cluis-tianae</span> <span class='ocrx_word' id='word_1_136' title='bbox 894 2527 1095 2637; x_wconf 91' lang='lat' dir='ltr'>pabulum</span> <span class='ocrx_word' id='word_1_137' title='bbox 1124 2526 1353 2610; x_wconf 89' lang='lat' dir='ltr'>incuriosus</span> <span class='ocrx_word' id='word_1_138' title='bbox 1383 2526 1534 2634; x_wconf 86' lang='lat' dir='ltr'>pariter</span> <span class='ocrx_word' id='word_1_139' title='bbox 1573 2554 1623 2607; x_wconf 91' lang='lat' dir='ltr'>ac</span> <span class='ocrx_word' id='word_1_140' title='bbox 1651 2526 1717 2606; x_wconf 90' lang='lat' dir='ltr'>in-</span> 
     </span>
     <span class='ocr_line' id='line_1_18' title="bbox 225 2657 1719 2770; baseline -0.003 -27"><span class='ocrx_word' id='word_1_141' title='bbox 225 2668 367 2769; x_wconf 87' lang='lat' dir='ltr'>gratus</span> <span class='ocrx_word' id='word_1_142' title='bbox 396 2670 611 2770; x_wconf 86' lang='lat' dir='ltr'>recusaret.</span> <span class='ocrx_word' id='word_1_143' title='bbox 646 2660 864 2742; x_wconf 91' lang='lat' dir='ltr'>Monemus</span> <span class='ocrx_word' id='word_1_144' title='bbox 894 2668 1123 2768; x_wconf 91' lang='lat' dir='ltr'>praeterea,</span> <span class='ocrx_word' id='word_1_145' title='bbox 1154 2670 1201 2741; x_wconf 91' lang='lat' dir='ltr'>ut</span> <span class='ocrx_word' id='word_1_146' title='bbox 1229 2658 1370 2740; x_wconf 88' lang='lat' dir='ltr'>fideles</span> <span class='ocrx_word' id='word_1_147' title='bbox 1400 2667 1600 2766; x_wconf 90' lang='lat' dir='ltr'>quantum</span> <span class='ocrx_word' id='word_1_148' title='bbox 1631 2657 1719 2739; x_wconf 91' lang='lat' dir='ltr'>fieri</span> 
     </span>
     <span class='ocr_line' id='line_1_19' title="bbox 225 2776 1719 2901; baseline 0 -27"><span class='ocrx_word' id='word_1_149' title='bbox 225 2793 394 2900; x_wconf 86' lang='lat' dir='ltr'>poterit,</span> <span class='ocrx_word' id='word_1_150' title='bbox 432 2793 558 2875; x_wconf 90' lang='lat' dir='ltr'>etiam</span> <span class='ocrx_word' id='word_1_151' title='bbox 587 2793 774 2901; x_wconf 90' lang='lat' dir='ltr'>reliquis,</span> <span class='ocrx_word' id='word_1_152' title='bbox 814 2791 939 2901; x_wconf 89' lang='lat' dir='ltr'>prout</span> <span class='ocrx_word' id='word_1_153' title='bbox 967 2793 1104 2893; x_wconf 88' lang='lat' dir='ltr'>decet,</span> <span class='ocrx_word' id='word_1_154' title='bbox 1145 2792 1319 2878; x_wconf 77' lang='lat' dir='ltr'>dierum¹</span> <span class='ocrx_word' id='word_1_155' title='bbox 1333 2819 1543 2875; x_wconf 90' lang='lat' dir='ltr'>sacrorum</span> <span class='ocrx_word' id='word_1_156' title='bbox 1572 2776 1719 2874; x_wconf 84' lang='lat' dir='ltr'>officiis</span> 
     </span>
     <span class='ocr_line' id='line_1_20' title="bbox 225 2921 1717 3035; baseline 0 -30"><span class='ocrx_word' id='word_1_157' title='bbox 225 2921 408 3035; x_wconf 78' lang='lat' dir='ltr'>divinis,</span> <span class='ocrx_word' id='word_1_158' title='bbox 427 2925 641 3034; x_wconf 87' lang='lat' dir='ltr'>Vesperis,</span> <span class='ocrx_word' id='word_1_159' title='bbox 671 2925 1036 3008; x_wconf 90' lang='lat' dir='ltr'>Benedictionibus</span> <span class='ocrx_word' id='word_1_160' title='bbox 1066 2936 1108 3006; x_wconf 89' lang='lat' dir='ltr'>et</span> <span class='ocrx_word' id='word_1_161' title='bbox 1132 2924 1317 3024; x_wconf 86' lang='lat' dir='ltr'>Litaniis,</span> <span class='ocrx_word' id='word_1_162' title='bbox 1348 2923 1535 3006; x_wconf 89' lang='lat' dir='ltr'>lubenter</span> <span class='ocrx_word' id='word_1_163' title='bbox 1564 2952 1627 3005; x_wconf 89' lang='lat' dir='ltr'>ao·</span> <span class='ocrx_word' id='word_1_164' title='bbox 1644 2923 1717 3005; x_wconf 91' lang='lat' dir='ltr'>de·</span> 
     </span>
    </p>
   </div>
   <div class='ocr_carea' id='block_1_7' title="bbox 225 3031 1877 3165">
    <p class='ocr_par' dir='ltr' id='par_1_7' title="bbox 225 3031 1877 3165">
     <span class='ocr_line' id='line_1_21' title="bbox 225 3031 1877 3165; baseline -0.002 -28"><span class='ocrx_word' id='word_1_165' title='bbox 225 3040 312 3138; x_wconf 88' lang='lat' dir='ltr'>voti</span> <span class='ocrx_word' id='word_1_166' title='bbox 337 3056 538 3139; x_wconf 88' lang='lat' dir='ltr'>intersint.</span> <span class='ocrx_word' id='word_1_167' title='bbox 580 3055 693 3139; x_wconf 91' lang='lat' dir='ltr'>Hinc</span> <span class='ocrx_word' id='word_1_168' title='bbox 722 3058 868 3140; x_wconf 88' lang='lat' dir='ltr'>saltem</span> <span class='ocrx_word' id='word_1_169' title='bbox 898 3057 1131 3138; x_wconf 87' lang='lat' dir='ltr'>alternatim</span> <span class='ocrx_word' id='word_1_170' title='bbox 1161 3085 1212 3138; x_wconf 81' lang='lat' dir='ltr'>ex</span> <span class='ocrx_word' id='word_1_171' title='bbox 1241 3056 1414 3165; x_wconf 87' lang='lat' dir='ltr'>singulis</span> <span class='ocrx_word' id='word_1_172' title='bbox 1444 3031 1622 3137; x_wconf 25' lang='lat' dir='ltr'>familiis*</span> <span class='ocrx_word' id='word_1_173' title='bbox 1640 3043 1740 3137; x_wconf 83' lang='lat' dir='ltr'>all-</span> <span class='ocrx_word' id='word_1_174' title='bbox 1875 3117 1877 3121; x_wconf 84' lang='lat'>.</span> 
     </span>
    </p>
   </div>
   <div class='ocr_carea' id='block_1_8' title="bbox 150 3188 1826 4224">
    <p class='ocr_par' dir='ltr' id='par_1_8' title="bbox 225 3188 1143 3295">
     <span class='ocr_line' id='line_1_22' title="bbox 225 3188 1143 3295; baseline 0.009 -27"><span class='ocrx_word' id='word_1_175' title='bbox 225 3188 297 3295; x_wconf 89' lang='lat' dir='ltr'>qui</span> <span class='ocrx_word' id='word_1_176' title='bbox 325 3189 548 3288; x_wconf 66' lang='lat' dir='ltr'>accedant.</span> <span class='ocrx_word' id='word_1_177' title='bbox 685 3259 688 3265; x_wconf 92' lang='lat'>.</span> <span class='ocrx_word' id='word_1_178' title='bbox 1138 3267 1143 3276; x_wconf 84' lang='lat'>.</span> 
     </span>
    </p>

    <p class='ocr_par' dir='ltr' id='par_1_9' title="bbox 150 3318 1826 4224">
     <span class='ocr_line' id='line_1_23' title="bbox 319 3318 1719 3435; baseline 0 -32"><span class='ocrx_word' id='word_1_179' title='bbox 319 3318 555 3435; x_wconf 66' lang='lat' dir='ltr'>⁴Sanctioni</span> <span class='ocrx_word' id='word_1_180' title='bbox 586 3349 726 3412; x_wconf 89' lang='lat' dir='ltr'>sacrae</span> <span class='ocrx_word' id='word_1_181' title='bbox 747 3320 905 3430; x_wconf 86' lang='lat' dir='ltr'>Synodi</span> <span class='ocrx_word' id='word_1_182' title='bbox 927 3319 1195 3414; x_wconf 83' lang='lat' dir='ltr'>Tridentinae</span> <span class='ocrx_word' id='word_1_183' title='bbox 1224 3322 1485 3431; x_wconf 87' lang='lat' dir='ltr'>paratissimo</span> <span class='ocrx_word' id='word_1_184' title='bbox 1509 3320 1631 3404; x_wconf 90' lang='lat' dir='ltr'>corde</span> <span class='ocrx_word' id='word_1_185' title='bbox 1651 3348 1719 3403; x_wconf 88' lang='lat' dir='ltr'>sa·</span> 
     </span>
     <span class='ocr_line' id='line_1_24' title="bbox 227 3450 1718 3560; baseline 0.001 -28"><span class='ocrx_word' id='word_1_186' title='bbox 227 3450 426 3535; x_wconf 83' lang='lat' dir='ltr'>tisfacturi</span> <span class='ocrx_word' id='word_1_187' title='bbox 455 3452 596 3535; x_wconf 89' lang='lat' dir='ltr'>fideles</span> <span class='ocrx_word' id='word_1_188' title='bbox 609 3464 778 3542; x_wconf 71' lang='lat' dir='ltr'>‚nostros</span> <span class='ocrx_word' id='word_1_189' title='bbox 798 3454 1061 3535; x_wconf 89' lang='lat' dir='ltr'>cohortamur</span> <span class='ocrx_word' id='word_1_190' title='bbox 1085 3462 1126 3534; x_wconf 91' lang='lat' dir='ltr'>et</span> <span class='ocrx_word' id='word_1_191' title='bbox 1148 3452 1421 3552; x_wconf 86' lang='lat' dir='ltr'>obsecramus,</span> <span class='ocrx_word' id='word_1_192' title='bbox 1452 3462 1499 3534; x_wconf 90' lang='lat' dir='ltr'>ut</span> <span class='ocrx_word' id='word_1_193' title='bbox 1528 3454 1718 3560; x_wconf 89' lang='lat' dir='ltr'>quamvis</span> 
     </span>
     <span class='ocr_line' id='line_1_25' title="bbox 225 3582 1826 3694; baseline 0.001 -30"><span class='ocrx_word' id='word_1_194' title='bbox 225 3582 269 3664; x_wconf 94' lang='lat' dir='ltr'>in</span> <span class='ocrx_word' id='word_1_195' title='bbox 298 3584 383 3666; x_wconf 88' lang='lat' dir='ltr'>suis</span> <span class='ocrx_word' id='word_1_196' title='bbox 412 3586 567 3667; x_wconf 89' lang='lat' dir='ltr'>vicinis</span> <span class='ocrx_word' id='word_1_197' title='bbox 596 3586 760 3694; x_wconf 88' lang='lat' dir='ltr'>oppidis</span> <span class='ocrx_word' id='word_1_198' title='bbox 798 3595 839 3667; x_wconf 92' lang='lat' dir='ltr'>et</span> <span class='ocrx_word' id='word_1_199' title='bbox 868 3584 1074 3667; x_wconf 89' lang='lat' dir='ltr'>suburbiis</span> <span class='ocrx_word' id='word_1_200' title='bbox 1114 3585 1310 3685; x_wconf 88' lang='lat' dir='ltr'>oratoria,</span> <span class='ocrx_word' id='word_1_201' title='bbox 1349 3585 1529 3692; x_wconf 89' lang='lat' dir='ltr'>capellas</span> <span class='ocrx_word' id='word_1_202' title='bbox 1565 3584 1719 3679; x_wconf 88' lang='lat' dir='ltr'>aliasve</span> <span class='ocrx_word' id='word_1_203' title='bbox 1822 3619 1826 3625; x_wconf 95' lang='lat'>·</span> 
     </span>
     <span class='ocr_line' id='line_1_26' title="bbox 226 3714 1717 3816; baseline -0.001 -17"><span class='ocrx_word' id='word_1_204' title='bbox 226 3714 418 3799; x_wconf 84' lang='lat' dir='ltr'>ecclesias</span> <span class='ocrx_word' id='word_1_205' title='bbox 458 3716 658 3816; x_wconf 87' lang='lat' dir='ltr'>habeant,</span> <span class='ocrx_word' id='word_1_206' title='bbox 699 3717 772 3800; x_wconf 92' lang='lat' dir='ltr'>ubi</span> <span class='ocrx_word' id='word_1_207' title='bbox 802 3718 1061 3798; x_wconf 86' lang='lat' dir='ltr'>sanctissimo</span> <span class='ocrx_word' id='word_1_208' title='bbox 1101 3716 1252 3798; x_wconf 90' lang='lat' dir='ltr'>Missae</span> <span class='ocrx_word' id='word_1_209' title='bbox 1282 3714 1492 3798; x_wconf 84' lang='lat' dir='ltr'>Sacrificio</span> <span class='ocrx_word' id='word_1_210' title='bbox 1523 3717 1717 3798; x_wconf 88' lang='lat' dir='ltr'>interesse</span> 
     </span>
     <span class='ocr_line' id='line_1_27' title="bbox 227 3829 1718 3958; baseline 0.001 -30"><span class='ocrx_word' id='word_1_211' title='bbox 227 3849 409 3956; x_wconf 87' lang='lat' dir='ltr'>possint,</span> <span class='ocrx_word' id='word_1_212' title='bbox 447 3848 679 3958; x_wconf 86' lang='lat' dir='ltr'>frequenter</span> <span class='ocrx_word' id='word_1_213' title='bbox 708 3859 858 3946; x_wconf 88' lang='lat' dir='ltr'>tamen,</span> <span class='ocrx_word' id='word_1_214' title='bbox 900 3848 1118 3931; x_wconf 89' lang='lat' dir='ltr'>dominicis</span> <span class='ocrx_word' id='word_1_215' title='bbox 1164 3848 1309 3929; x_wconf 89' lang='lat' dir='ltr'>saltem</span> <span class='ocrx_word' id='word_1_216' title='bbox 1349 3829 1522 3958; x_wconf 86' lang='lat' dir='ltr'>aliisque</span> <span class='ocrx_word' id='word_1_217' title='bbox 1567 3849 1718 3930; x_wconf 91' lang='lat' dir='ltr'>sollen-</span> 
     </span>
     <span class='ocr_line' id='line_1_28' title="bbox 150 3969 1718 4089; baseline 0.001 -29"><span class='ocrx_word' id='word_1_218' title='bbox 150 3971 154 3975; x_wconf 57' lang='grc'><em>’</em></span> <span class='ocrx_word' id='word_1_219' title='bbox 226 3979 349 4063; x_wconf 91' lang='lat' dir='ltr'>nibus</span> <span class='ocrx_word' id='word_1_220' title='bbox 368 3980 481 4063; x_wconf 87' lang='lat' dir='ltr'>festis</span> <span class='ocrx_word' id='word_1_221' title='bbox 502 3980 647 4064; x_wconf 88' lang='lat' dir='ltr'>diebus</span> <span class='ocrx_word' id='word_1_222' title='bbox 677 3981 732 4062; x_wconf 92' lang='lat' dir='ltr'>ad</span> <span class='ocrx_word' id='word_1_223' title='bbox 761 4009 879 4071; x_wconf 91' lang='lat' dir='ltr'>suam</span> <span class='ocrx_word' id='word_1_224' title='bbox 900 3981 1053 4089; x_wconf 91' lang='lat' dir='ltr'>quique</span> <span class='ocrx_word' id='word_1_225' title='bbox 1073 3980 1351 4089; x_wconf 89' lang='lat' dir='ltr'>parochialem</span> <span class='ocrx_word' id='word_1_226' title='bbox 1372 3981 1588 4077; x_wconf 87' lang='lat' dir='ltr'>ecclesiam</span> <span class='ocrx_word' id='word_1_227' title='bbox 1618 3969 1718 4062; x_wconf 88' lang='lat' dir='ltr'>con-</span> 
     </span>
     <span class='ocr_line' id='line_1_29' title="bbox 227 4111 1718 4224; baseline 0.001 -32"><span class='ocrx_word' id='word_1_228' title='bbox 227 4113 415 4214; x_wconf 88' lang='lat' dir='ltr'>veniant,</span> <span class='ocrx_word' id='word_1_229' title='bbox 448 4113 523 4196; x_wconf 91' lang='lat' dir='ltr'>sed</span> <span class='ocrx_word' id='word_1_230' title='bbox 552 4125 593 4195; x_wconf 91' lang='lat' dir='ltr'>et</span> <span class='ocrx_word' id='word_1_231' title='bbox 622 4141 765 4196; x_wconf 88' lang='lat' dir='ltr'>omnes</span> <span class='ocrx_word' id='word_1_232' title='bbox 796 4114 1063 4224; x_wconf 87' lang='lat' dir='ltr'>singulosque</span> <span class='ocrx_word' id='word_1_233' title='bbox 1092 4114 1296 4222; x_wconf 85' lang='lat' dir='ltr'>praesenti</span> <span class='ocrx_word' id='word_1_234' title='bbox 1326 4111 1489 4195; x_wconf 87' lang='lat' dir='ltr'>decreto</span> <span class='ocrx_word' id='word_1_235' title='bbox 1520 4114 1718 4195; x_wconf 87' lang='lat' dir='ltr'>instanter</span> 
     </span>
    </p>
   </div>
   <div class='ocr_carea' id='block_1_9' title="bbox 224 4245 1902 4353">
    <p class='ocr_par' dir='ltr' id='par_1_10' title="bbox 224 4245 1902 4353">
     <span class='ocr_line' id='line_1_30' title="bbox 224 4245 1902 4353; baseline 0.004 -31"><span class='ocrx_word' id='word_1_236' title='bbox 224 4270 463 4343; x_wconf 89' lang='lat' dir='ltr'>monemus,</span> <span class='ocrx_word' id='word_1_237' title='bbox 503 4247 631 4327; x_wconf 88' lang='lat' dir='ltr'>teneri</span> <span class='ocrx_word' id='word_1_238' title='bbox 661 4273 998 4353; x_wconf 92' lang='lat' dir='ltr'>unumquemque</span> <span class='ocrx_word' id='word_1_239' title='bbox 1027 4246 1246 4353; x_wconf 86' lang='lat' dir='ltr'>parochiae</span> <span class='ocrx_word' id='word_1_240' title='bbox 1276 4274 1374 4327; x_wconf 91' lang='lat' dir='ltr'>suae</span> <span class='ocrx_word' id='word_1_241' title='bbox 1404 4246 1609 4344; x_wconf 88' lang='lat' dir='ltr'>interesse,</span> <span class='ocrx_word' id='word_1_242' title='bbox 1646 4245 1719 4327; x_wconf 88' lang='lat' dir='ltr'>ubi</span> <span class='ocrx_word' id='word_1_243' title='bbox 1829 4316 1831 4321; x_wconf 73' lang='grc'>,</span> <span class='ocrx_word' id='word_1_244' title='bbox 1897 4336 1902 4351; x_wconf 50' lang='lat'>,</span> 
     </span>
    </p>
   </div>
   <div class='ocr_carea' id='block_1_10' title="bbox 198 4373 1715 4626">
    <p class='ocr_par' dir='ltr' id='par_1_11' title="bbox 198 4373 1715 4626">
     <span class='ocr_line' id='line_1_31' title="bbox 198 4373 1715 4495; baseline 0.001 -39"><span class='ocrx_word' id='word_1_245' title='bbox 198 4375 443 4495; x_wconf 18' lang='lat' dir='ltr'>’commode</span> <span class='ocrx_word' id='word_1_246' title='bbox 472 4376 517 4458; x_wconf 92' lang='lat' dir='ltr'>id</span> <span class='ocrx_word' id='word_1_247' title='bbox 544 4375 631 4459; x_wconf 88' lang='lat' dir='ltr'>fieri</span> <span class='ocrx_word' id='word_1_248' title='bbox 662 4386 816 4485; x_wconf 91' lang='lat' dir='ltr'>potest,</span> <span class='ocrx_word' id='word_1_249' title='bbox 847 4377 901 4458; x_wconf 89' lang='lat' dir='ltr'>ad</span> <span class='ocrx_word' id='word_1_250' title='bbox 931 4376 1183 4459; x_wconf 91' lang='lat' dir='ltr'>audiendum</span> <span class='ocrx_word' id='word_1_251' title='bbox 1212 4377 1385 4460; x_wconf 90' lang='lat' dir='ltr'>verbum</span> <span class='ocrx_word' id='word_1_252' title='bbox 1415 4376 1506 4458; x_wconf 91' lang='lat' dir='ltr'>Dei.</span> <span class='ocrx_word' id='word_1_253' title='bbox 1523 4373 1559 4456; x_wconf 88' lang='lat'>4)</span> <span class='ocrx_word' id='word_1_254' title='bbox 1621 4375 1715 4458; x_wconf 86' lang='lat' dir='ltr'>Suis</span> 
     </span>
     <span class='ocr_line' id='line_1_32' title="bbox 224 4506 1714 4626; baseline 0.001 -39"><span class='ocrx_word' id='word_1_255' title='bbox 224 4506 336 4626; x_wconf 91' lang='lat' dir='ltr'>enim</span> <span class='ocrx_word' id='word_1_256' title='bbox 362 4507 513 4590; x_wconf 62' lang='lat' dir='ltr'>&#39;ovibus</span> <span class='ocrx_word' id='word_1_257' title='bbox 551 4537 650 4617; x_wconf 87' lang='lat' dir='ltr'>prae</span> <span class='ocrx_word' id='word_1_258' title='bbox 680 4509 828 4590; x_wconf 86' lang='lat' dir='ltr'>ceteris</span> <span class='ocrx_word' id='word_1_259' title='bbox 852 4507 1119 4616; x_wconf 89' lang='lat' dir='ltr'>praeconium</span> <span class='ocrx_word' id='word_1_260' title='bbox 1149 4509 1367 4618; x_wconf 86' lang='lat' dir='ltr'>Evangelii</span> <span class='ocrx_word' id='word_1_261' title='bbox 1397 4508 1563 4591; x_wconf 85' lang='lat' dir='ltr'>exhibet</span> <span class='ocrx_word' id='word_1_262' title='bbox 1592 4514 1714 4617; x_wconf 71' lang='lat' dir='ltr'>paic-</span> 
     </span>
    </p>
   </div>
   <div class='ocr_carea' id='block_1_11' title="bbox 268 4763 1719 5111">
    <p class='ocr_par' dir='ltr' id='par_1_12' title="bbox 268 4763 1719 5111">
     <span class='ocr_line' id='line_1_33' title="bbox 268 4763 1000 4896; baseline 0.004 -25"><span class='ocrx_word' id='word_1_263' title='bbox 268 4805 295 4890; x_wconf 81' lang='lat'>⁸)</span> <span class='ocrx_word' id='word_1_264' title='bbox 317 4805 388 4871; x_wconf 84' lang='lat' dir='ltr'>Cat.</span> <span class='ocrx_word' id='word_1_265' title='bbox 410 4808 501 4874; x_wconf 89' lang='lat' dir='ltr'>Rom.</span> <span class='ocrx_word' id='word_1_266' title='bbox 523 4776 554 4895; x_wconf 85' lang='lat' dir='ltr'>p.</span> <span class='ocrx_word' id='word_1_267' title='bbox 576 4763 640 4874; x_wconf 44' lang='grc' dir='ltr'>ΙΙΙ.Ν</span> <span class='ocrx_word' id='word_1_268' title='bbox 659 4831 730 4895; x_wconf 84' lang='lat' dir='ltr'>cap.</span> <span class='ocrx_word' id='word_1_269' title='bbox 751 4811 781 4874; x_wconf 85' lang='lat'>4.</span> <span class='ocrx_word' id='word_1_270' title='bbox 804 4818 928 4896; x_wconf 84' lang='lat' dir='ltr'>quaest.</span> <span class='ocrx_word' id='word_1_271' title='bbox 951 4810 1000 4875; x_wconf 61' lang='lat'>25</span> 
     </span>
     <span class='ocr_line' id='line_1_34' title="bbox 272 4910 1718 4994; baseline 0.002 -17"><span class='ocrx_word' id='word_1_272' title='bbox 272 4910 301 4994; x_wconf 89' lang='lat'>⁴)</span> <span class='ocrx_word' id='word_1_273' title='bbox 322 4910 419 4978; x_wconf 84' lang='lat' dir='ltr'>Cone.</span> <span class='ocrx_word' id='word_1_274' title='bbox 441 4914 530 4980; x_wconf 82' lang='lat' dir='ltr'>Trid.</span> <span class='ocrx_word' id='word_1_275' title='bbox 546 4915 633 4981; x_wconf 88' lang='lat' dir='ltr'>Sess.</span> <span class='ocrx_word' id='word_1_276' title='bbox 649 4914 759 4981; x_wconf 88' lang='lat' dir='ltr'><strong>XXII.</strong></span> <span class='ocrx_word' id='word_1_277' title='bbox 782 4917 833 4981; x_wconf 92' lang='lat' dir='ltr'>De</span> <span class='ocrx_word' id='word_1_278' title='bbox 855 4916 983 4981; x_wconf 88' lang='lat' dir='ltr'>observ.</span> <span class='ocrx_word' id='word_1_279' title='bbox 1006 4924 1039 4980; x_wconf 89' lang='lat' dir='ltr'>et</span> <span class='ocrx_word' id='word_1_280' title='bbox 1060 4918 1135 4980; x_wconf 84' lang='lat' dir='ltr'>evit</span> <span class='ocrx_word' id='word_1_281' title='bbox 1157 4918 1190 4979; x_wconf 90' lang='lat' dir='ltr'>in</span> <span class='ocrx_word' id='word_1_282' title='bbox 1204 4915 1322 4982; x_wconf 87' lang='lat' dir='ltr'>celebr.</span> <span class='ocrx_word' id='word_1_283' title='bbox 1338 4917 1428 4982; x_wconf 84' lang='lat' dir='ltr'>Miss.</span> <span class='ocrx_word' id='word_1_284' title='bbox 1444 4926 1477 4982; x_wconf 89' lang='lat' dir='ltr'>et</span> <span class='ocrx_word' id='word_1_285' title='bbox 1490 4918 1577 4984; x_wconf 82' lang='lat' dir='ltr'>Sese.</span> <span class='ocrx_word' id='word_1_286' title='bbox 1592 4916 1718 4983; x_wconf 84' lang='lat' dir='ltr'>XXIV.</span> 
     </span>
     <span class='ocr_line' id='line_1_35' title="bbox 319 5019 1719 5111; baseline 0.003 -28"><span class='ocrx_word' id='word_1_287' title='bbox 319 5019 360 5084; x_wconf 90' lang='lat' dir='ltr'>de</span> <span class='ocrx_word' id='word_1_288' title='bbox 383 5021 455 5086; x_wconf 80' lang='lat' dir='ltr'>Res.</span> <span class='ocrx_word' id='word_1_289' title='bbox 477 5044 547 5108; x_wconf 86' lang='lat' dir='ltr'>cap.</span> <span class='ocrx_word' id='word_1_290' title='bbox 571 5024 600 5086; x_wconf 91' lang='grc'>4.</span> <span class='ocrx_word' id='word_1_291' title='bbox 623 5023 757 5088; x_wconf 70' lang='lat' dir='ltr'>Confer:</span> <span class='ocrx_word' id='word_1_292' title='bbox 779 5023 877 5088; x_wconf 81' lang='lat' dir='ltr'>Ocno.</span> <span class='ocrx_word' id='word_1_293' title='bbox 900 5023 1048 5087; x_wconf 89' lang='lat' dir='ltr'>Provinc.</span> <span class='ocrx_word' id='word_1_294' title='bbox 1070 5020 1201 5087; x_wconf 87' lang='lat' dir='ltr'>Medicl.</span> <span class='ocrx_word' id='word_1_295' title='bbox 1214 5021 1271 5087; x_wconf 93' lang='lat' dir='ltr'>Vl.</span> <span class='ocrx_word' id='word_1_296' title='bbox 1296 5044 1383 5086; x_wconf 91' lang='lat' dir='ltr'>num.</span> <span class='ocrx_word' id='word_1_297' title='bbox 1405 5024 1435 5086; x_wconf 89' lang='lat'>6.</span> <span class='ocrx_word' id='word_1_298' title='bbox 1457 5023 1498 5086; x_wconf 90' lang='lat' dir='ltr'>de</span> <span class='ocrx_word' id='word_1_299' title='bbox 1523 5025 1671 5111; x_wconf 80' lang='lat' dir='ltr'>&#39;parocho</span> <span class='ocrx_word' id='word_1_300' title='bbox 1686 5031 1719 5088; x_wconf 86' lang='lat' dir='ltr'>et</span> 
     </span>
    </p>
   </div>
   <div class='ocr_carea' id='block_1_12' title="bbox 320 5133 494 5217">
    <p class='ocr_par' dir='ltr' id='par_1_13' title="bbox 320 5133 494 5217">
     <span class='ocr_line' id='line_1_36' title="bbox 320 5133 494 5217; baseline 0 -21"><span class='ocrx_word' id='word_1_301' title='bbox 320 5133 494 5217; x_wconf 85' lang='lat' dir='ltr'>parochiis.</span> 
     </span>
    </p>
   </div>
   <div class='ocr_carea' id='block_1_13' title="bbox 0 0 1984 5956">
    <p class='ocr_par' dir='ltr' id='par_1_14' title="bbox 0 0 1984 5956">
     <span class='ocr_line' id='line_1_37' title="bbox 0 0 1984 5956; baseline 0 1"><span class='ocrx_word' id='word_1_302' title='bbox 0 0 1984 5956; x_wconf 95' lang='lat' dir='ltr'> </span> 
     </span>
    </p>
   </div>
  </div>
 </body>
</html>
