3960 5956
70 240 414 340 .80,

235 476 316 574 illa,
347 505 472 584 quam
504 475 745 559 Ordinarius
775 477 862 557 slve
890 474 1000 585 lege,
1015 476 1265 561 dioecesana
1294 479 1598 588 praescripserit
1626 496 1729 563 con'·

233 636 392 719 gruam,
423 610 509 690 sive
531 611 652 717 juxta
681 609 929 717 peculiarem
966 609 1067 721 loci,
1106 622 1340 719 temporum
1379 622 1422 693 et
1459 590 1728 720 personarum

235 741 476 849 qualitatem
495 740 795 823 admittendam
820 740 1098 823 declaraverit.
1130 740 1219 826 Sed
1233 770 1367 850 neque
1386 745 1535 852 majori
1555 725 1740 827 numero·

194 898 196 902 ’
234 872 472 982 hujusmodi
501 872 652 955 Missae
682 871 939 981 recipiantur,
971 900 1097 981 quam
1127 875 1193 991 cui
1222 901 1274 955 ex
1299 874 1558 958 offerentium
1589 878 1725 959 inten-

236 1007 349 1090 tione
388 1005 494 1087 infra
538 1006 749 1088 modicum
792 1016 956 1114 tempus
1001 1005 1187 1088 satisfieri
1226 1008 1368 1114 possit.
1429 1006 1726 1117 Acceptionem

237 1139 546 1248 stipendiorum,
577 1150 618 1220 et
647 1138 913 1247 obligationis
943 1150 1158 1248 susceptae
1181 1141 1507 1248 persolutionem
1536 1143 1727 1226 sacerdo·

163 1308 165 1312 ·
204 1280 296 1352 ’tes
325 1268 630 1352 accuratissime
660 1271 706 1364 in¹
733 1272 900 1379 proprio
930 1271 1150 1352 Missurum
1179 1271 1351 1354 elencho
1384 1272 1594 1355 adnotent.
1656 1274 1728 1356 Pie
1863 1328 1871 1343 ι

235 1403 421 1499 solliciti,
461 1385 508 1482 ut
546 1403 590 1483 in
621 1414 672 1483 ‘re
711 1412 797 1483 tam
833 1414 977 1512 sancta
1005 1432 1090 1486 non
1120 1403 1256 1487 solum
1284 1432 1310 1485 a
1345 1406 1495 1486 vetitae
1524 1406 1728 1514 pactionis
1779 1395 1784 1408 ’

122 1636 125 1642 .
185 1570 190 1580 ·
236 1535 340 1633 labe,
372 1533 597 1616 sedetiam
628 1532 682 1615 ab
713 1536 826 1615 omni
857 1544 1051 1643 quaestus
1081 1547 1122 1617 et
1150 1528 1437 1619 illiberalitatis
1469 1538 1605 1646 specie
1634 1536 1726 1619 lon-

234 1656 403 1776 gissime
432 1664 579 1769 absint,
611 1665 898 1775 recogitabunt
926 1667 1079 1775 utique,
1109 1669 1198 1750 istis
1217 1669 1436 1777 stipendiis
1465 1670 1598 1752 inesse
1627 1670 1726 1753 cha·

235 1809 432 1880 rectorem
462 1797 827 1904 eleemosynarum,
858 1826 1032 1907 quarum
1061 1826 1161 1880 usus
1190 1798 1352 1910 legibus
1382 1801 1595 1883 Ecclesiae
1625 1829 1726 1884 con·

235 1931 377 2011 formis
408 1930 471 2013 sit.
488 1924 522 2008 2)
628 1933 630 1938 ’
705 1987 710 1995 .
1732 2032 1735 2036 ι

351 2076 460 2160 Oum
500 2078 636 2158 omnis
674 2076 859 2184 pontifex
899 2107 950 2159 ex
979 2078 1217 2170 hominibus
1247 2090 1453 2163 assumtus
1485 2108 1561 2190 pro
1590 2081 1727 2163 homi·

235 2211 357 2292 nibus
387 2211 660 2291 constituatur
688 2210 733 2288 in
764 2210 825 2308 iis,
856 2237 962 2318 quae
992 2211 1170 2294 suntad
1200 2211 1356 2318 Deum,
1382 2223 1429 2299 ut
1448 2213 1593 2296 offerat
1617 2213 1729 2296 dona

130 2394 133 2401 ·
234 2355 275 2425 et
304 2340 504 2423 sacrificia
532 2369 608 2449 pro
638 2342 839 2449 peccatis:
870 2343 1079 2424 neminem
1099 2342 1232 2452 latere
1249 2354 1395 2453 potest,
1419 2356 1727 2446 sacrosanctum

235 2476 386 2558 Missae
416 2472 672 2591 Sacrificium
702 2473 756 2556 ab
786 2474 1018 2557 animarum
1048 2475 1283 2583 pastoribus
1312 2503 1401 2559 esse
1431 2475 1726 2585 applicandum
1810 2473 1815 2482 ’

235 2637 310 2718 pro
341 2607 497 2716 populo
528 2634 671 2688 eorum
701 2633 822 2712 omae
842 2607 1075 2706 commisse,
1106 2617 1148 2689 et
1166 2607 1406 2716 hujusmodi
1429 2607 1727 2717 obligationem

235 2768 285 2820 ex
316 2739 457 2821 divino
488 2747 708 2847 praecepto
722 2736 985 2819 ‘descendere
1007 2741 1130 2846 juxta
1160 2731 1338 2821 Concilii
1367 2728 1601 2822 Tridentini
1624 2739 1728 2851 doq-

206 2851 395 2954 'trinam
413 2867 447 2949 3)
503 2869 561 2951 Ut
600 2868 652 2951 de
690 2868 813 2973 hujus
853 2869 1119 2978 obligationis
1159 2870 1317 2953 ambitu
1358 2871 1518 2953 nullum
1556 2872 1727 2953 omnino

233 3003 466 3085 suboriatur
495 2998 667 3082 dubium
683 2989 705 3081 ι’
724 3001 845 3083 saluti
874 3002 1013 3110 gregis
1033 3000 1245 3084 Dominici
1275 3003 1472 3086 divinitus
1502 3004 1581 3088 sibi
1610 3032 1728 3087 oom-

232 3136 348 3218 missi
378 3134 615 3242 provisurus
646 3130 937 3215 Sanctissimus
968 3133 1088 3216 Pater
1132 3146 1174 3217 et
1213 3135 1421 3219 Dominus
1461 3147 1601 3219 noster
1629 3116 1747 3219 Pius

85 3286 89 3294 “
237 3267 316 3350 ΡΡ.
334 3265 409 3348 IX.
431 3265 591 3391 Literas
612 3265 835 3346 novissime
855 3264 968 3380 dedit
988 3266 1230 3373 encyclicas,
1252 3265 1403 3375 quibus
1425 3269 1616 3383 exposita
1634 3295 1729 3385 cae·

233 3401 397 3483 lestium
426 3425 645 3479 munerum
674 3396 881 3478 uberrima
900 3398 1031 3506 copia,
1064 3426 1170 3507 quae
1190 3426 1241 3480 ex
1261 3399 1555 3508 augustissimo
1576 3398 1728 3510 Missae
1877 3506 1882 3517 .

234 3530 443 3616 Sacrificio
473 3531 518 3612 in
548 3528 691 3611 orbem
722 3540 921 3610 terrarum
950 3528 1180 3628 redundat,
1203 3531 1428 3639 genuinam
1454 3529 1578 3615 Sedis
1607 3529 1726 3639 Apo-

232 3643 400 3747 stolicae
421 3663 651 3744 doctrinam
672 3661 724 3742 de
739 3659 1016 3769 applicatione
1035 3661 1220 3769 ejusdem
1247 3659 1444 3744 Sacrificii
1484 3690 1560 3771 pro
1589 3689 1726 3770 popu-

234 3797 275 3879 lo
305 3795 541 3879 clarissimis
580 3792 716 3876 verbis
745 3792 997 3893 dilucidavit,
1028 3805 1263 3902 certamque
1293 3822 1482 3877 normam
1520 3804 1562 3876 et
1591 3794 1726 3904 legem

232 3928 503 4011 universalem
520 3926 744 4024 constituit,
765 3923 818 4006 ab
835 3924 1029 4008 omnibus
1049 3911 1240 4034 parochis
1261 3926 1405 4009 scdulo
1426 3925 1726 4036 diligenterque

232 4058 545 4144 observandam.
607 4055 721 4157 Quas
759 4057 920 4139 Literas
950 4057 1090 4165 debita
1119 4059 1346 4170 reverentia
1376 4058 1646 4166 suscipientes
1686 4066 1728 4139 ct

231 4195 275 4276 in
319 4195 411 4300 ipsa
449 4190 574 4272 etiam
612 4190 692 4271 hac
733 4187 904 4297 Synodo
945 4191 1157 4271 communi
1197 4190 1474 4272 sollicitudine
1502 4186 1727 4299 episcopali

231 4325 542 4435 promulgantes
572 4332 712 4404 tenore
751 4322 935 4429 ejusdem
976 4321 1246 4404 ordinationis
1280 4321 1548 4430 Apostolicae
1588 4319 1727 4403 decla·-

231 4486 380 4555 ramus,
421 4459 681 4564 cunctisque,
722 4454 776 4535 ad
805 4482 920 4562 ¹quos
959 4453 1136 4561 pertinet
1175 4453 1482 4552 renuntiamus,
1523 4450 1728 4560 parochos

230 4592 415 4699 aliosque
445 4616 590 4671 omnes
619 4586 850 4668 animarum
886 4613 1027 4668 curam
1066 4596 1162 4667 actu
1191 4593 1381 4694 gerentes
1419 4592 1726 4669 sacrosanctum

231 4779 427 4790 --——=

273 4851 300 4932 ²)
322 4849 420 4915 Cone.
442 4848 530 4914 Tria
552 4850 639 4913 Sess.
662 4847 773 4911 XXll.
796 4845 836 4909 de
858 4845 985 4910 obsera
1018 4854 1051 4908 et
1078 4847 1155 4939 evit
1182 4846 1214 4909 iu
1244 4843 1346 4909 celeb.
1377 4843 1467 4908 Miss.
1503 4880 1544 4890 —
1586 4843 1723 4906 constit.

325 4957 493 5023 Benedicti
514 4955 578 5020 ΡΡ.
600 4954 692 5020 XIV.
715 4953 866 5037 „Quanta
887 4954 986 5016 cura“
1003 4950 1049 5015 ¹de
1073 4951 1125 5015 die
1146 4952 1197 5015 30.
1220 4950 1296 5015 Jun.
1321 4951 1411 5014 1141.

256 5067 303 5149 ·³)
327 5064 414 5128 Sess.
438 5063 564 5128 XXIII.
589 5062 629 5126 de
651 5064 720 5126 Res.
743 5085 813 5146 cap.
839 5063 864 5123 1.
