3960 5956
1676 354 1715 419 15

222 574 263 645 et
282 552 410 673 panes
426 560 506 646 Dei
522 563 585 646 sui
601 562 797 668 offerunt;
816 614 871 623 -
885 563 967 644 sint
987 594 1086 674 ergo
1107 565 1249 664 sancti,
1272 564 1369 673 quia
1389 571 1430 660 et
1449 591 1528 671 ego
1549 573 1715 644 sanctus

215 724 325 796 sum,
343 696 560 796 Dominus,
582 699 653 805 qui
674 695 886 777 sanctifico
898 704 1006 775 eos.“
1030 693 1061 773 1)
1093 695 1387 805 Quaecumque
1408 696 1461 777 sit
1480 722 1619 775 sacrae
1634 694 1715 774 sci·
1746 773 1748 776 ,

224 831 357 911 entiae
387 831 607 911 necessitas
628 839 670 910 et
689 830 891 939 dignitas:
912 827 1024 909 dono
1046 828 1242 910 destituta
1261 830 1435 937 pietatis,
1457 828 1589 935 pretio
1610 853 1715 933 quo·
1835 869 1839 879 ·

222 975 303 1070 'que
332 990 383 1043 ac
412 963 558 1043 merito
589 961 754 1044 carebit.
816 959 980 1041 Etenim
1010 960 1152 1041 ardere
1181 971 1350 1042 tantum
1364 989 1511 1069 parum
1541 967 1613 1058 est,
1644 956 1717 1039 sed
1765 965 1767 968 ‘

222 1104 265 1174 et
293 1122 459 1194 vanum,
483 1094 772 1186 tantummodo
803 1090 956 1197 lucere}
986 1094 1121 1197 lucere
1150 1103 1288 1175 autem
1320 1104 1360 1174 et
1381 1092 1542 1190 ardere,
1573 1089 1717 1199 procul
1841 1205 1844 1209 ¹

215 1224 353 1310 dubio
384 1226 622 1335 perfectum.
639 1224 706 1306 2)·
1793 1237 1797 1244 '

312 1358 461 1456 ,Unde
491 1388 574 1469 quo
605 1361 750 1468 majori
771 1359 885 1440 fandi
906 1350 1034 1468 copia=
1048 1342 1273 1441 Sacerdotii
1300 1358 1569 1455 nobilitatem,
1601 1364 1716 1435 tanto

155 1542 160 1549 ·
223 1492 374 1600 potiori
395 1520 561 1601 quoque
581 1491 855 1574 sollicitudine
875 1492 1011 1575 verbis
1031 1474 1238 1601 literisque
1259 1490 1547 1599 praedicarunt
1578 1487 1719 1567 Patres

160 1621 163 1627 ’
224 1625 395 1732 antiqui,
426 1625 559 1733 qualis
589 1637 630 1705 et
655 1635 810 1733 quanta
831 1609 990 1733 practer
1010 1626 1223 1706 scientiam
1243 1624 1480 1732 hujusmodi
1511 1625 1720 1705 ministros

227 1756 373 1860 deceat,
405 1749 650 1839 sanctitudo.
716 1758 836 1859 „Eos
868 1758 939 1865 qui
975 1757 1234 1838 sacerdotum
1275 1785 1443 1837 numere
1479 1756 1720 1866 funguntur,

225 1891 451 1975 sanctiores
480 1920 530 1972 ac
560 1892 744 1999 puriores
773 1891 854 1971 illis
884 1919 972 1972 esse
1003 1901 1175 1998 oportet,
1207 1891 1278 1997 qui
1298 1890 1352 1973 ad
1372 1899 1535 1970 montes
1555 1918 1598 1970 se
1619 1918 1721 1972 con·
1836 1926 1838 1930 ’
1904 1995 1911 2009 ·

229 2022 429 2128 tulerunt;
461 2074 515 2084 -
537 2024 669 2131 etqui
691 2026 734 2104 in
754 2007 987 2130 erudiendis
1017 2023 1072 2103 ad
1092 2024 1284 2104 virtutem
1306 2021 1471 2131 populis
1491 2033 1720 2122 occurrrmt,

227 2134 392 2269 necesse
422 2168 494 2254 est,
526 2168 571 2237 ut
610 2157 652 2237 in
693 2157 886 2260 omnibus
925 2156 1110 2264 perfecti,
1150 2156 1193 2235 in
1233 2155 1348 2248 nullo
1383 2155 1723 2263 reprehensibiles

228 2285 467 2368 habeantur.
510 2290 586 2346 -‘
607 2286 701 2369 Hoc
746 2298 808 2369 est
856 2289 966 2369 enim
1016 2277 1110 2368 vere
1160 2288 1406 2369 sacrificimn
1456 2289 1724 2400 primitivum,

228 2419 394 2528 quando
435 2422 716 2530 unusquisque
765 2449 809 2502 se
849 2422 983 2529 ipsrun
1026 2421 1145 2501 offert
1185 2416 1385 2518 hostiam,
1426 2430 1466 2499 et
1496 2451 1521 2500 a
1561 2449 1604 2514 se
1631 2422 1722 2528 ipso

228 2552 382 2661 incipit,
413 2564 458 2638 ut
494 2565 639 2661 postea
666 2583 816 2635 munus
847 2581 966 2634 suum
997 2554 1128 2661 possit
1158 2553 1315 2650 offerre.
1339 2603 1393 2612 -
1413 2552 1585 2662 Purgari
1612 2555 1724 2661 prins

229 2695 401 2792 oportet,
422 2686 571 2768 deinde
587 2716 774 2797 purgare,
796 2687 998 2795 sapientia
1014 2687 1169 2786 instrui,
1199 2697 1323 2793 atquc
1354 2687 1412 2766 ita
1432 2685 1600 2766 demum
1621 2666 1744 2766 alios*
1802 2718 1806 2723 ·

231 2818 438 2919 instruere,
469 2820 539 2900 lux
559 2820 647 2901 fieri
668 2831 708 2900 et
728 2821 831 2902 alios
861 2820 1104 2918 illuminare,
1134 2819 1188 2899 ad
1218 2818 1355 2898 Demn
1392 2820 1726 2927 appropinquare

229 2952 347 3054 etita
373 2951 477 3034 alios
497 2953 712 3051 adducere,
743 2953 1000 3052 sanctificari,
1031 2962 1071 3032 et
1100 2961 1245 3060 postea
1266 2951 1370 3032 alios
1384 2947 1724 3066 ⁴sanct.ificare.“3)

347 3082 426 3198 His
446 3085 619 3192 aliisque
635 3096 871 3167 sanctorum
893 3083 1060 3165 Patrum
1089 3084 1263 3193 eloquiis
1282 3085 1468 3184 fomrati,
1501 3095 1545 3165 ut
1574 3086 1617 3164 in
1648 3084 1727 3164 hac
1780 3101 1782 3107 ’
1806 3104 1830 3126 ··

231 3214 402 3323 Synodo
431 3246 515 3298 non
536 3228 858 3335 praetereamus,
891 3198 996 3326 quae
1026 3217 1080 3298 ad
1100 3217 1386 3329 innovandum
1408 3217 1607 3326 Spiritmn
1638 3218 1726 3325 pie-

119 3436 121 3441 ,
231 3349 326 3430 tatis
357 3332 492 3431 Clero
509 3352 704 3459 prodesse
734 3361 947 3460 poterunt,
985 3352 1197 3458 sequentia
1228 3352 1488 3458 potissimum
1519 3349 1728 3431 monenda

231 3490 272 3560 et
301 3482 598 3591 praecipienda,
620 3481 833 3567 duximus:
1195 3494 1199 3501 ’

270 3628 283 3646 ”
351 3606 396 3702 1.
419 3620 540 3705 Cum.
558 3625 717 3731 antiqui
748 3623 942 3705 Foederis
958 3622 1113 3704 Levitis
1135 3622 1291 3703 dictum
1322 3624 1393 3703 sit:
1431 3623 1726 3722 „Mrmdamini

232 3755 303 3864 qui
323 3755 434 3836 fertis
464 3784 565 3837 vasa
584 3755 755 3853 Domini
768 3769 802 3859 ;“
816 3753 849 3836 4)
880 3757 998 3838 decet
1018 3757 1200 3852 omnino,
1232 3768 1277 3836 ut
1297 3758 1367 3863 qui
1384 3755 1567 3863 quotidie
1588 3755 1728 3836 dulces

234 3887 349 3970 cibos
379 3890 548 3996 capiunt
588 3891 629 3970 in
670 3919 801 3973 coena
831 3888 1073 3986 Dominioa,
1114 3889 1292 3997 amplius
1328 3889 1515 3969 laventm·
1554 3887 1608 3968 ab
1648 3888 1727 3987 ini-

234 4018 460 4128 quitatibus
480 4023 576 4102 suis.
608 4022 825 4132 Singulare
842 4021 1009 4128 quidem
1031 4021 1240 4102 Ecclesiae
1260 4032 1535 4129 praeceptum,
1557 4049 1640 4127 quo
1662 4048 1727 4100 sa-

234 4151 468 4234 cerdotibus
483 4154 695 4254 indicetur,
713 4155 873 4264 quoties
890 4154 1201 4250 Sacramentum
1222 4153 1503 4234 Poenitentiae
1524 4153 1728 4258 suscipere

235 4295 459 4383 teneantur,
482 4315 567 4367 non
582 4287 719 4391 adest;
745 4286 847 4373 illud
863 4299 1002 4367 autem
1022 4285 1358 4393 providissimum
1375 4284 1627 4381 mandatum,
1645 4310 1728 4390 quo

236 4415 405 4499 Missam
426 4418 678 4516 celebraturi,
710 4430 750 4499 et
770 4419 1036 4500 ministraturi
1058 4416 1323 4500 Sacramenta
1338 4418 1392 4498 ad
1413 4416 1547 4499 cordis
1577 4427 1617 4496 et
1648 4417 1729 4494 oris

284 4661 305 4746 1)
328 4660 465 4725 hlalach.
489 4663 518 4725 2.
542 4661 559 4724 7
583 4700 622 4708 -
645 4662 747 4725 Levit.
771 4663 820 4726 21.
847 4662 934 4725 1-8.
980 4661 1062 4745 ἥδ.
1086 4662 1240 4725 Bernard.
1264 4664 1365 4726 Serm.
1389 4663 1421 4723 in
1451 4659 1557 4722 Nativ.
1588 4684 1612 4724 s.
1634 4657 1729 4721 Joan.

328 4792 413 4833 num.
436 4771 482 4847 3.;
505 4771 636 4835 confer:
659 4770 692 4833 S.
715 4771 811 4834 Laur.
833 4763 1007 4832 Jrrstinian.
1030 4769 1069 4832 de
1093 4772 1166 4843 inst.
1189 4779 1220 4831 ct
1241 4791 1310 4855 reg.
1332 4768 1470 4832 Praelat.
1493 4790 1563 4852 cap.
1589 4766 1615 4828 i.

275 4877 305 4967 ⁸)
323 4877 461 4973 Confer:
484 4877 517 4941 S.
533 4876 609 4940 lsid.
625 4877 777 4941 Pelusiot.
790 4876 966 4962 Epistolar.
988 4877 1043 4940 lib.
1060 4880 1090 4940 2.
1102 4878 1195 4962 epist.
1218 4860 1422 4940 asstfflsid.
1438 4874 1562 4959 Hispal.
1579 4873 1618 4936 de
1635 4871 1730 4936 offic.

329 4983 408 5049 eccl.
421 4983 476 5048 lib.
500 4986 529 5048 2.
552 5005 624 5068 cap.
646 4985 677 5048 5.
689 5023 729 5032 -—
742 4984 774 5049 S.
788 4982 937 5048 Ambros
959 4983 1013 5047 lib.
1031 4986 1060 5047 2.
1083 4983 1123 5047 de
1146 4982 1226 5046 (fain
1242 4992 1274 5045 et
1287 4981 1381 5052 Abel,
1394 5005 1463 5066 cap.
1486 4982 1515 5043 o.
1533 4980 1617 5044 -S
1630 4979 1729 5063 Greg.

328 5091 484 5155 Nazianz.
514 5091 716 5177 Apologetic.
739 5094 826 5157 Orat.
853 5095 878 5155 l.
902 5093 995 5176 (alias
1018 5094 1063 5176 2.)
1086 5114 1171 5156 num.
1198 5092 1265 5156 123.

281 5198 308 5287 ⁴)
331 5200 405 5263 lsai.
427 5201 477 5264 52.
502 5201 551 5290 li.
