3960 5956
1675 339 1716 403 97

222 535 452 637 hibeantur,
483 563 660 645 quorum
681 549 972 649 argumentum
992 548 1033 621 et
1051 537 1231 619 melodia
1251 566 1346 619 vere
1365 536 1563 636 aedificet,
1589 548 1716 647 utque

223 666 360 768 falsae,
382 669 573 777 ineptae,
603 670 671 751 vel
699 671 754 752 ad
783 671 998 754 modulum
1028 668 1249 779 profanum
1278 671 1532 777 compositae
1557 673 1716 753 cantio-

223 827 297 883 nes
327 800 598 884 eliminentur.
630 802 853 915 lnvigilent
881 815 1101 914 praeterea,
1139 813 1185 884 ut
1214 814 1359 895 cantus
1389 832 1439 885 ex
1468 816 1605 886 mente
1634 804 1717 886 Ec-

224 933 372 1016 clesiae
397 934 657 1036 solemnitati,
688 964 794 1045 quae
815 937 1052 1036 celebratur,
1084 945 1135 1045 et!
1154 935 1303 1035 officio,
1334 934 1447 1044 quod
1481 938 1637 1046 agitur,
1663 936 1718 1019 ad

224 1068 423 1149 amussim
452 1070 682 1151 conveniat.
701 1066 734 1150 7)
795 1068 918 1169 Quod
948 1071 982 1152 si
1011 1069 1191 1179 populus
1220 1068 1297 1151 sub
1328 1066 1537 1151 Sacrificio
1567 1069 1717 1153 Missae

225 1193 355 1280 canit:
387 1200 534 1283 saltem
563 1204 670 1283 intra
686 1217 903 1285 'canonem
932 1202 1098 1285 nonnisi
1118 1201 1278 1284 cantica
1297 1201 1580 1304 adhibeantur,
1611 1230 1717 1311 quo-

226 1359 319 1413 rum
348 1344 467 1416 tenor
496 1363 637 1417 sacrae
672 1336 825 1417 actioni
854 1334 1086 1445 respondet.
1130 1330 1162 1451 ,Ὺ

319 1479 513 1566 Ceterum
533 1496 579 1567 ut
599 1485 809 1570 sacrorum
829 1487 1084 1569 canticonrm
1105 1486 1226 1594 copia
1245 1484 1393 1569 nullibi
1412 1484 1537 1568 desit:
1558 1498 1719 1595 praeter

227 1613 406 1722 hymnos
437 1618 650 1729 liturgicos
679 1620 860 1731 prudens
891 1631 931 1702 et
960 1621 1064 1703 scita
1084 1618 1272 1701 collectio
1293 1618 1456 1700 illarum
1485 1619 1720 1700 instituatur

226 1749 477 1852 cantionum,
518 1779 625 1860 quae
665 1754 848 1863 alonge
888 1751 985 1833 inde
1014 1762 1200 1859 tempore
1235 1753 1279 1832 in
1317 1750 1474 1860 populo
1504 1751 1718 1851 habentur,

227 1888 269 1962 et
294 1907 394 1971 suo
411 1892 502 1965 tum
531 1898 788 1994 argumenta
828 1897 919 1967 tum
958 1914 1061 1969 sono
1092 1885 1272 1966 maxime
1302 1878 1584 1966 commendari
1619 1911 1718 1991 pos-

228 2022 334 2094 sunt
392 2014 588 2126 Episcopi
618 2020 1099 2128 provinciae‘communi
1130 2018 1266 2101 studio
1297 2016 1510 2117 curabunt,
1541 2027 1587 2098 ut
1615 2018 1718 2098 utri-

229 2171 359 2253 usque
389 2147 556 2258 linguae
585 2153 628 2233 in
658 2152 738 2233 hac
767 2181 810 2234 re
830 2152 1010 2234 thesauri
1029 2142 1226 2260 peculiari
1246 2147 1483 2233 Cantionali
1512 2149 1560 2230 in
1585 2150 1720 2232 lucem

228 2277 412 2362 edantur.
1361 2269 1366 2288 '

348 2497 385 2577 3.
418 2496 587 2610 Organa
618 2512 660 2582 et
688 2500 845 2609 reliqua
875 2487 1146 2582 instrumenta
1175 2499 1333 2579 musica
1361 2508 1556 2580 monente
1585 2497 1718 2580 Bene-

230 2627 341 2711 dicto
360 2630 440 2712 ΡΡ.
462 2630 578 2713 XIV.
611 2633 848 2716 adhibenda
875 2643 972 2716 sunt
996 2631 1282 2735 „solummodo
1314 2632 1369 2713 ad
1384 2632 1469 2712 vim
1495 2631 1720 2739 quamdam

231 2763 452 2847 verborum
481 2768 620 2848 cantui
649 2767 935 2877 adjiciendam,
966 2776 1013 2847 ut
1041 2766 1176 2875 magis
1211 2765 1428 2876 magisque
1463 2764 1719 2847 audientium

231 2897 438 2981 mentibus
468 2928 611 2981 eorum
646 2929 791 2984 sensus
825 2899 1040 3009 infigatur,
1082 2908 1503 3007 commoveanturque
1536 2897 1720 2980 fidelium

230 3031 357 3112 animi
385 3031 440 3112 ad
470 3033 747 3142 spiritualium
782 3062 917 3115 rerum
948 3032 1352 3141 contemplationem,
1383 3041 1424 3112 et
1453 3060 1552 3142 erga
1582 3030 1720 3112 Deum

230 3191 414 3247 amorem
443 3166 700 3248 incitentur.“
715 3163 750 3247 8)

345 3312 458 3397 Hinc
487 3317 634 3426 organi
663 3344 790 3398 sonus
819 3345 897 3397 nec
934 3343 1058 3396 voces
1094 3313 1350 3395 cantantium
1387 3313 1605 3422 opprimat,
1643 3341 1720 3395 nec

233 3456 392 3529 mentes
421 3447 615 3549 offendat,
645 3452 816 3559 ejusque
850 3448 1009 3530 moduli
1049 3447 1132 3529 sint
1161 3448 1323 3528 incessu
1352 3473 1512 3555 graves,
1542 3446 1721 3528 melodia
1818 3523 1824 3529 .

232 3580 344 3679 casti,
375 3580 428 3667 ab
470 3584 584 3664 omni
623 3582 784 3665 artificii
823 3582 1006 3664 vanitate
1044 3579 1178 3679 alieni,
1218 3578 1358 3661 divirro
1397 3578 1567 3660 tandem
1606 3577 1720 3687 quod
1855 3606 1858 3611 ’

232 3712 378 3824 agihrr,
410 3713 548 3797 officio
578 3715 804 3800 rectissime
835 3715 1138 3798 convenientes.
1155 3708 1189 3792 9)
1246 3702 1256 3720 “

345 3862 617 3975 Reliquorum
636 3868 818 3950 musicae
838 3867 1205 3949 instrumentorum
1224 3889 1335 3963 usus,
1356 3863 1595 3972 praesertim
1614 3890 1719 3957 rure,
1758 3869 1766 3879 '

233 4023 348 4079 rarus
377 3998 432 4079 sit
460 4010 502 4080 et
530 3999 685 4108 ubique
704 4000 928 4082 modestus.
960 3997 1064 4078 Late
1093 3995 1282 4078 tonantia
1300 3996 1583 4093 instrumenta,
1614 4021 1720 4102 quae
1833 4033 1838 4039 ·
1873 3970 1900 4105 ‚⁹

233 4128 414 4211 tumultu
444 4141 485 4212 et
513 4134 686 4242 strepitu
726 4143 895 4214 cantum
916 4130 1148 4212 hominum
1188 4129 1445 4237 opprimunt,
1484 4125 1721 4207 auferantur

232 4260 286 4343 ab
315 4263 498 4346 ecclesia.
558 4265 672 4347 Dum
703 4265 1024 4374 compositiones
1053 4262 1316 4345 harmonicas
1345 4288 1442 4341 cum
1470 4259 1719 4340 instrumen-

232 4394 285 4475 tis
313 4396 599 4504 permittimus,
617 4398 828 4481 'volumus
865 4409 1006 4480 tamen
1046 4406 1087 4479 et
1122 4396 1262 4478 stricte
1300 4395 1521 4505 poscimus,
1556 4401 1604 4473 ut
1641 4390 1721 4472 hac

234 4529 451 4610 occasione
471 4542 590 4613 caute
612 4533 773 4632 vitetru,
794 4531 909 4640 quod
927 4530 1148 4629 levitatem,
1179 4556 1313 4638 nugas
1333 4525 1572 4624 saeculares,
1602 4523 1720 4604 thea-

232 4659 378 4744 tralem
415 4690 567 4746 sonum
595 4665 748 4772 sapiat,
789 4693 862 4747 seu
897 4690 1022 4745 voces
1056 4671 1098 4744 et
1127 4661 1255 4743 verba
1293 4656 1555 4770 negligendo,
1593 4656 1720 4737 muti·

231 4791 357 4885 lando
374 4794 441 4878 vel
470 4796 694 4907 premendo
725 4798 838 4879 sonis
857 4774 1020 4878 tantum
1038 4794 1207 4894 alliciat,
1228 4804 1352 4902 atque
1370 4817 1490 4872 aures
1515 4786 1720 4870 titillando
1813 4818 1818 4829 ¹

232 4982 430 4996 *nn-

278 5057 303 5141 ⁷)
325 5056 433 5124 oona.
457 5061 507 5123 at.
531 5062 562 5139 §-
586 5059 634 5122 13.
681 5059 706 5142 8)
728 5056 812 5122 nu.
835 5061 864 5139 a.
888 5056 937 5120 12.
961 5025 964 5028 ’

279 5165 306 5249 ⁰)
328 5165 472 5232 Caerem.
495 5165 604 5252 Episc.
625 5163 682 5230 lib.
706 5167 733 5230 1.
756 5187 827 5250 cap.
848 5164 898 5230 28.
921 5186 952 5229 n.
976 5163 1025 5229 11.
