3960 5956
1536 401 1539 408 ·
1630 370 1714 445 Xlfl

320 573 489 643 sessiones
510 576 805 660 Congregationum
827 572 1068 658 particularium
1091 573 1226 638 durante
1259 572 1390 659 Synodo
1417 573 1561 658 quotidie
1588 579 1718 638 anteat

224 678 297 768 post
319 682 486 747 meridiem
507 681 731 765 habebuntur,
763 683 910 767 exceptis
938 680 1052 746 diebus
1077 680 1155 764 illis,
1188 681 1305 767 quibus
1327 682 1602 766 Congregaiionea
1621 702 1718 765 pcne-

224 791 312 856 rules
346 799 378 856 et
410 791 578 856 Sessiones
605 789 754 874 publicae
785 787 1045 854 celebrabuntur.
1088 789 1260 853 Caeterum
1292 789 1527 875 Episcoporum
1558 791 1628 872 erit,
1662 791 1717 874 qui

225 897 360 983 singulis
394 897 597 963 sectionibus
625 905 794 985 praesunt,
829 896 1042 961 determinare
1071 919 1134 962 non
1156 904 1279 962 tautum
1301 897 1371 961 dies
1393 904 1425 960 et
1446 894 1542 961 horas
1563 919 1620 984 pro
1643 918 1716 963 con·

224 1028 318 1071 sessu
339 1004 498 1090 habendo,
522 1007 579 1071 sed
602 1014 756 1071 ettotam
780 1007 933 1091 ordinem,
956 1027 1019 1093 quo
1041 1007 1176 1070 materia
1198 1003 1362 1090 synodalis
1383 1005 1552 1070 tractanda
1574 1007 1642 1068 erit.
1665 1016 1669 1025 “

321 1138 513 1204 Actionibus
534 1139 828 1225 congregationum
849 1142 1065 1226 praemittitur
1096 1141 1196 1204 oratio
1219 1116 1426 1215 „Adeonmffl
1448 1158 1507 1222 per
1527 1100 1720 1202 Praesidam'

226 1246 378 1329 dicenda;
412 1247 502 1311 finita
534 1249 660 1339 actione
686 1248 884 1334 praelegitur
912 1252 1158 1313 instrumentum
1180 1249 1281 1332 ipsius
1306 1247 1440 1309 actionis
1463 1265 1521 1336 per
1543 1246 1718 1308 Notarium

226 1355 416 1440 synodalem
439 1354 684 1439 conficiendum,
707 1364 739 1419 et
760 1356 954 1442 persolvitur
978 1358 1163 1439 pretiorum
1184 1357 1277 1419 actio.

323 1728 382 1784 De
398 1727 575 1799 reliquia
592 1725 989 1796 comssationibus
1005 1725 1270 1796 generalibus
1289 1726 1332 1782 et
1344 1701 1605 1784 tensionibus

872 1816 1062 1887 paulicis.
1102 1839 1106 1845 ·

322 2009 349 2074 1.
380 2009 658 2094 Oongrcgationes
692 2009 858 2092 permutes
889 2015 937 2072 tot
969 2005 1232 2089 celebrabuntur,
1265 2015 1342 2092 quot
1370 2006 1539 2074 Sessiones
1557 2009 1715 2092 publicae,

223 2117 408 2205 etquidem
432 2114 561 2202 diebus,
594 2115 743 2202 publicas
771 2115 939 2181 Sessiones
972 2117 1118 2201 proxime
1145 2114 1430 2198 antecedentibus,
1464 2116 1542 2180 hora
1573 2118 1604 2180 9.
1641 2124 1716 2181 ante

223 2224 401 2291 meridiem.

323 2358 412 2423 Ordo
451 2355 587 2422 actionis
625 2356 693 2420 fere
725 2355 811 2419 idem
851 2344 925 2439 erit,
965 2364 1060 2441 prout
1091 2377 1189 2442 supra
1224 2356 1344 2421 dietum
1377 2363 1436 2420 est.
1458 2357 1490 2442 *)
1533 2357 1717 2423 Praemissa

224 2468 372 2531 nimirum
400 2467 542 2531 oratione
574 2466 783 2541 ,Adeamuffl
816 2471 849 2527 et
875 2464 977 2548 facta,
1008 2473 1103 2552 prout
1129 2467 1162 2528 in
1188 2460 1326 2530 Domino
1359 2465 1513 2551 expedire
1542 2465 1716 2550 videbitur,

223 2574 315 2639 brevi
345 2573 539 2638 allocutione
572 2571 795 2658 Metropolitae
828 2572 1036 2636 Promotores
1068 2574 1206 2662 primum
1237 2572 1404 2637 instabunt
1434 2592 1491 2659 pro
1520 2573 1716 2639 admissione
1829 2559 1832 2565 ’

223 2702 348 2764 eorum,
380 2683 445 2766 qni'
467 2680 548 2764 i'ors,
580 2689 616 2746 nt
637 2679 860 2763 admittantur,
893 2683 1063 2766 petierunt.
1106 2681 1190 2745 Dein
1226 2680 1422 2746 instantibus
1443 2681 1558 2747 iisdem
1580 2681 1716 2746 concilii
1812 2672 1817 2681 ’

223 2790 472 2855 Prornotoribus
496 2775 618 2874 Synodi
639 2790 775 2851 materia
796 2789 982 2858 successive
1003 2788 1208 2874 praelegetm
1229 2797 1261 2854 et
1283 2789 1486 2856 discutienda
1510 2798 1714 2876 proponetur.
1817 2815 1821 2821 ¹
1848 2828 1853 2837 ·

223 2896 383 2963 Absoluta
415 2894 553 2962 lectione
585 2904 618 2960 et
649 2896 850 2961 discussione
881 2895 1138 2982 promulgabitur
1159 2897 1323 2961 decretum
1345 2897 1527 2963 indictionis
1550 2899 1715 2984 proximae

222 3005 383 3070 Sessionis
402 3004 550 3088 publicae
570 3013 603 3069 et
624 3004 840 3089 Congregatio
862 3008 1048 3087 pretiorum
1069 3008 1191 3068 actione
1212 3005 1349 3068 finietur.

322 3137 365 3200 11.
401 3136 569 3202 Sessiones
587 3137 745 3218 proditone,
767 3144 896 3223 praeter
917 3141 1068 3223 primam,
1100 3136 1275 3202 auxiliante
1301 3136 1439 3201 Domino
1466 3135 1716 3201 celebrabuntur

223 3253 369 3332 quatuor,
392 3252 424 3308 et
446 3244 576 3330 quidem
592 3248 684 3329 secia
712 3245 750 3310 V.
773 3247 966 3309 Dominlccc
987 3245 1073 3311 XV.
1091 3254 1167 3328 post
1199 3245 1427 3327 Pentecosten,
1455 3265 1537 3329 quae
1571 3246 1631 3307 erit
1665 3243 1714 3307 13.

223 3351 437 3438 Septembris3
459 3354 636 3417 Dominicu
648 3353 693 3417 X
696 3353 755 3418 VI.
777 3359 850 3438 post
871 3352 1094 3435 Pentecosten,
1117 3355 1150 3417 in
1172 3373 1267 3438 quam
1287 3351 1352 3415 -hoc
1373 3373 1456 3415 anno
1471 3352 1584 3416 incidit
1597 3351 1714 3416 festum

224 3460 258 3524 S.
287 3460 463 3525 Iacdmilae
496 3460 639 3545 Viduas,
671 3459 716 3524 M.
749 3467 782 3522 et
813 3459 973 3525 Patronae
1006 3447 1125 3547 Regni3
1151 3463 1243 3544 seria
1272 3461 1309 3525 V.
1339 3458 1481 3543 ejsudem
1512 3458 1715 3534 Dominicoc,

222 3569 439 3653 quaeerit20.
452 3567 661 3654 Septembris,
683 3572 885 3655 etsequenti
907 3570 1083 3634 Dominicis
1105 3569 1149 3633 Χ
1153 3568 1241 3650 Vll,
1264 3588 1347 3653 quae
1362 3564 1486 3631 erit23.
1503 3557 1713 3651 Septembris.
1808 3612 1813 3617 -

323 3703 351 3764 1.
384 3701 436 3765 De
464 3701 543 3767 hora
569 3709 602 3765 et
629 3700 713 3785 loco,
747 3701 787 3766 de
820 3705 1025 3788 processione
1053 3708 1086 3765 et
1112 3701 1223 3765 ordine
1248 3698 1362 3763 banmr
1391 3698 1585 3799 Sessionnm
1599 3697 1713 3762 cadem

221 3808 341 3892 valent,
363 3830 447 3894 quae
469 3810 617 3894 superius
639 3812 787 3894 exposita
809 3806 955 3893 sunt**)

321 3942 351 4005 2.
383 3941 504 4005 Missae
537 3941 696 4007 solemnes
731 3945 764 4007 in
796 3943 946 4017 sectanda,
976 3945 1074 4006 tertia
1103 3949 1135 4005 et
1157 3944 1277 4026 qrscrtu
1298 3942 1447 4005 Sessione
1469 3939 1651 4004 alternatim
1671 3938 1713 4003 ab

223 4048 394 4134 Episcopis
409 4053 593 4135 provinciae
617 4072 724 4115 coram
744 4051 998 4136 Archiepiscopo
1016 4050 1274 4132 celebrabuntur,
1298 4052 1435 4116 servatis
1450 4049 1608 4135 omnibus,
1631 4064 1715 4134 quae

222 4157 256 4221 in
280 4151 514 4222 Ouerencouicli
536 4159 684 4222 Romano
707 4158 746 4222 de
769 4158 948 4223 omittenda
964 4162 998 4223 in
1018 4159 1121 4224 Missa
1144 4159 1377 4243 benedictione,
1407 4180 1503 4246 quam
1525 4157 1616 4221 finita
1637 4157 1715 4220 Ses-

224 4269 315 4330 sione
335 4268 406 4351 ipse
428 4266 632 4352 Metropolita
653 4268 810 4352 impertiri
839 4266 946 4351 debet,
968 4267 1240 4353 praescribuntur.
1401 4260 1405 4267 ¹

321 4399 351 4460 3.
383 4399 422 4462 ln
444 4398 593 4463 Sessione
616 4401 756 4463 secundo
778 4400 994 4466 celebrabitur
1016 4401 1166 4464 solennia
1187 4401 1294 4463 Micca
1324 4403 1429 4463 colica
1450 4401 1489 4462 clc
1520 4397 1571 4462 Sc.
1594 4397 1712 4461 Sacra·-

224 4514 347 4581 ment03
364 4506 433 4588 ***)
463 4505 665 4572 insessione
688 4507 905 4571 terichissa
929 4507 968 4570 de
990 4508 1087 4569 Festo
1110 4509 1193 4583 dica·
1226 4510 1258 4570 in
1285 4507 1436 4572 Sessionc
1465 4516 1585 4589 qccortc
1612 4505 1714 4571 Missa

294 4771 321 4836 l)
338 4771 394 4820 vids
411 4785 467 4838 pag.
485 4771 528 4823 lii
546 4771 623 4824 Num.
641 4773 675 4822 11.

275 4862 318 4928 ”)
335 4863 391 4914 vids
402 4877 459 4929 pag.
471 4863 501 4913 X.
520 4863 604 4924 Qnmn
621 4863 756 4915 Dominica
773 4864 849 4916 XVI.
861 4870 921 4930 post
939 4865 1097 4916 Pentecosten
1114 4866 1253 4915 communis
1271 4865 1382 4914 omnium
1396 4863 1572 4915 Parachiarum
1586 4863 1717 4914 Processio

336 4953 369 5006 ad
380 4955 597 5019 metropolitanam
606 4955 735 5007 ecclesiam
745 4955 884 5006 ordinanda
892 4957 933 5014 sit,
948 4955 1056 5008 Parocbi
1064 4958 1172 5009 civitatis
1184 4956 1340 5007 Psocsssioni
1350 4954 1463 5017 synodali
1471 4956 1520 5007 baa
1531 4956 1585 5005 vics
1593 4956 1719 5007 intsraaaa

335 5060 387 5095 non
403 5051 536 5110 putarunt,
562 5046 608 5096 ssd
623 5048 752 5098 vanientes
770 5061 828 5098 eum
844 5047 1003 5112 parochianis
1028 5049 1054 5098 in
1078 5047 1208 5101 audaciam
1234 5062 1312 5112 propa
1328 5045 1413 5097 valvas
1431 5045 1618 5098 Procesaionam
1636 5058 1709 5107 sm

336 5135 418 5187 Mam
435 5136 610 5201 axpcctabuut.
631 5173 641 5184 .

258 5225 319 5291 m)
335 5226 374 5278 (il.
392 5241 443 5277 una
460 5226 632 5287 craterolo,
648 5228 781 5280 Pisatis
798 5227 884 5280 Νοῦν.
901 5229 942 5288 D..
957 5230 1001 5281 ult
1018 5230 1115 5297 Erang.
1133 5247 1154 5282 s.
1171 5230 1286 5280 loannis.
