3960 5956
573 930 944 1082 1111111111
974 930 1319 1081 conum
1758 1159 1762 1166 ἡ

262 1199 319 1303 Α
360 1192 733 1304 SANGTA
774 1193 1010 1298 SEDE
1052 1192 1619 1300 RECOGNITA.
1730 1183 1764 1287 s

837 1433 1033 1442 ——u

780 1559 1035 1659 TITULUS
1064 1560 1102 1658 I.

597 1781 708 1863 DE
740 1721 1283 1864 anonumum.
1357 1864 1408 1884 „

809 2057 1001 2148 CAPUT
1030 2064 1061 2147 Ι.

477 2281 549 2361 ne
576 2265 815 2381 dignitate
843 2278 1037 2360 ordinis
1063 2277 1393 2359 saceraotem.
1491 2248 1513 2314 ·'

308 2516 421 2598 Inter
459 2498 785 2627 praeclarissima
819 2515 1102 2664 providentiae
1137 2524 1179 2596 et
1213 2514 1486 2595 miserationis
1522 2513 1686 2595 divinae

190 2650 380 2760 pignora,
411 2649 561 2757 quibus
591 2648 778 2731 Ecclesia
798 2647 1013 2729 catholica
1042 2648 1110 2755 pie
1139 2646 1354 2756 gloriatin,
1385 2644 1529 2728 Novae
1559 2645 1709 2755 Legis
1845 2687 1847 2691 ¹

192 2779 478 2863 Sacerdotium
509 2781 671 2879 eminet,
703 2791 863 2862 sacrato
894 2780 1132 2862 Levitarum
1163 2780 1306 2862 ordine
1326 2808 1352 2860 a
1372 2779 1545 2895 sacculis
1565 2807 1686 2887 prae-

190 2922 536 2996 monstratumet
495 2912 883 3023 etflagrantissimo
914 2912 1123 2994 charitatis
1153 2913 1351 2994 affectu
1339 2940 1384 3023 rn
1388 2908 1557 2994 Coena
1592 2910 1683 2992 Do-

192 3046 296 3126 mini
326 3042 626 3128 sollennissime
656 3047 899 3126 institutum.
1461 3091 1462 3094 ¹

307 3175 447 3286 Cujus
467 3176 634 3260 Ordinis
664 3187 705 3258 11
744 3179 958 3258 ministerii
998 3188 1153 3285 quanta
1182 3179 1235 3258 sit
1273 3111 1523 3287 dignitaset
1552 3177 1687 3272 excels

191 3307 447 3408 lentia,tum
357 3319 527 3391 tumex
554 3337 606 3393 eo
637 3320 760 3418 patet,
791 3310 905 3418 quod
934 3308 1030 3390 fidei
1061 3310 1316 3410 christianae,
1321 3338 1459 3417 quae
1499 3311 1685 3391 omnium
1830 3328 1834 3335 ’

192 3441 408 3523 bonorum·
426 3439 741 3523 fundamentum
772 3452 843 3541 est,
874 3442 1175 3550 praedicandae
1205 3453 1246 3523 11
1265 3409 1571 3560 conservandae
1592 3441 1684 3523 offi-
1743 3450 1745 3455 ’
1851 3453 1853 3457 ’

192 3574 302 3655 cium
322 3571 563 3656 Sacerdotio
585 3569 866 3657 concreditum
886 3575 973 3676 fuit,
994 3586 1083 3657 tum
1104 3574 1217 3682 quod
1232 3583 1398 3675 caetera
1418 3572 1684 3656 Sacramenta

162 3707 278 3787 ,11111
317 3706 389 3787 1111
429 3709 579 3816 partim
619 3707 766 3788 confici
807 3718 848 3789 11
886 3707 1162 3827 administrari
1202 3706 1316 3788 nullo
1357 3706 1484 3788 modo
1515 3717 1680 3815 queunt,

191 3839 339 3946 partim
380 3838 555 3920 solemni
595 3841 852 3920 caeremonia
876 3851 932 3921 11
961 3841 1153 3949 religioso
1190 3840 1373 3948 quodam
1403 3838 1516 3919 cultu
1546 3867 1682 3920 carcre
1799 3854 1801 3859 ’

190 3967 435 4066 videnumll
495 3969 790 4080 Quaecumque
835 3973 945 4052 enim
990 3972 1114 4055 labile
1158 4000 1290 4081 genus
1334 3972 1563 4053 humanum
1603 3972 1681 4052 Dei

189 4106 420 4187 miserantis
449 4133 620 4186 munera
650 4105 894 4213 poposcerit,
926 4107 1205 4187 sacratissimo
1230 4107 1333 4188 lesu
1361 4103 1513 4189 Christi
1546 4103 1681 4186 Sacri-

190 4236 283 4318 ficio
319 4239 542 4346 promerita
578 4249 618 4319 11
653 4219 932 4346 impetranda:
970 4238 1093 4320 collat
1078 4251 1120 4320 11
1157 4239 1438 4321 sacerdotibus
1467 4247 1681 4347 potestate

191 4370 382 4451 videlicet
421 4369 613 4451 Hostiam
664 4370 861 4451 offerendi
911 4381 953 4452 11
1000 4371 1234 4452 remittendi
1283 4382 1473 4480 peccat,
1426 4401 1453 4452 a
1515 4371 1682 4522 copiose

189 4503 523 4612 suppeditantur,
560 4531 666 4610 quae
702 4504 801 4620 bina
836 4514 1018 4613 potestas
1054 4504 1279 4586 humanam
1316 4508 1516 4587 rationem
1547 4515 1588 4587 et
1616 4505 1681 4585 in-

188 4635 459 4746 telligentiam
499 4637 557 4715 ita
596 4635 775 4736 excedit,
816 4647 863 4717 ut
902 4628 1143 4740 Sacerdotali
1184 4638 1385 4746 dignitato
1420 4668 1495 4747 par
1524 4639 1681 4747 aliquid

189 4795 263 4851 seu
291 4768 425 4852 simile
454 4769 499 4849 in
528 4768 644 4852 terris
674 4768 849 4852 inveniri
878 4766 1109 4879 1111111112)

305 4898 409 4984 Inde
441 4899 606 4983 divinae
635 4900 758 5011 hujus
788 4904 1041 5017 dignationis
1072 4904 1268 5012 quapiam
1298 4903 1411 4986 velut
1444 4905 1680 5013 profusione

192 5084 387 5098 ωηο-...ιμ-

245 5162 266 5249 ’)
288 5162 359 5228 Cat
381 5164 472 5230 Rom.
494 5185 525 5251 p.
548 5165 577 5229 2.
601 5187 671 5251 cap.
695 5165 723 5230 7.
747 5175 870 5252 quaest.
896 5167 923 5229 1.
969 5166 996 5250 ²)
1023 5163 1090 5230 Cat.
1112 5165 1202 5229 Rom.
1224 5165 1294 5230 loco
1317 5169 1369 5231 cit.
1392 5179 1516 5255 quaest.
1537 5170 1567 5234 2.
