3960 5956
1643 343 1704 406 115

335 539 403 622 Ad
453 539 720 622 Sacramenta
759 540 1084 625 administranda
1121 540 1182 624 sic
1218 539 1420 623 accedant
1457 541 1702 642 sacerdotes,

216 682 262 754 ut
290 682 469 782 augusta
497 672 727 756 sanctitatis
755 674 953 780 mysteria
992 672 1115 755 corde
1154 701 1258 780 puro
1297 682 1482 772 tractent,
1520 701 1572 754 ne
1611 674 1704 756 aliis

214 803 517 887 medicamenta
545 807 654 888 vitae
683 804 871 905 libantes,
911 804 992 888 sibi
1021 804 1299 893 damnationis
1334 802 1532 911 poculum
1560 806 1704 913 propi·
1793 864 1796 870 ι

213 945 334 1040 nent3
375 947 595 1045 menteque
625 938 822 1020 orationis
859 948 901 1020 et
929 936 1210 1035 meditationis
1246 934 1405 1044 pabulo
1434 935 1586 1019 refecta
1624 935 1702 1018 do·
1827 991 1834 999 -

214 1067 390 1150 minicae
419 1069 583 1176 pietatis
622 1067 734 1152 dona
771 1070 831 1152 ita
869 1071 1118 1181 dispensent,
1155 1079 1201 1151 ut
1240 1097 1291 1151 ex
1329 1097 1472 1152 eorum
1500 1069 1703 1179 frequenti

214 1199 459 1283 tractatione
493 1210 535 1284 et
564 1228 642 1284 usu
671 1201 903 1285 uberiorem
942 1205 986 1285 in
1025 1202 1113 1285 dies
1141 1202 1320 1311 gratiam
1356 1212 1398 1284 et
1437 1203 1516 1309 ipsi
1555 1230 1702 1285 conse·

214 1342 403 1438 quantur.
465 1329 675 1431 Quoniam
711 1363 808 1417 vero
849 1345 1017 1418 externa
1053 1334 1233 1417 hominis
1270 1335 1516 1442 compositio
1545 1335 1704 1443 primus

215 1471 278 1545 est
305 1463 490 1556 internae
519 1464 802 1583 dispositionis
840 1469 1029 1550 nuntius:
1070 1467 1159 1574 ipse
1188 1464 1346 1565 vultus,
1385 1467 1580 1566 incessus,
1611 1493 1703 1548 cor·

215 1595 327 1702 poris
354 1606 505 1697 motus,
535 1598 732 1706 vocisque
761 1607 1037 1707 temperatura
1065 1600 1251 1680 animum
1280 1596 1445 1679 dinnae
1473 1599 1703 1680 misericor·

216 1725 308 1810 diae
337 1731 602 1811 veneratione
629 1729 847 1831 imbutum,
885 1730 1047 1839 Deique
1074 1730 1232 1840 gloriae
1261 1738 1303 1811 et
1330 1730 1562 1815 animarum
1591 1729 1703 1812 salu·

217 1858 269 1940 tis
302 1860 611 1967 promovendae
640 1861 729 1944 zelo
759 1863 1005 1971 inspiratum
1033 1861 1277 1946 manifestet.

331 2020 514 2107 Sollicite
552 2024 790 2125 attendant,
829 2054 883 2108 ne
921 2027 964 2107 in
1000 2028 1172 2108 materia
1199 2025 1267 2107 vel
1295 2025 1429 2108 forma
1466 2035 1542 2108 aut
1567 2027 1702 2108 inten-

213 2154 327 2256 tione
356 2156 597 2239 admittatur
626 2156 820 2257 defectus,
851 2159 923 2265 qui
953 2156 1019 2239 vel
1049 2159 1325 2266 integritatem
1355 2156 1610 2240 Sacramenti
1638 2159 1703 2239 vi·

212 2287 295 2386 tiet,
340 2287 407 2370 vel
446 2287 802 2373 administrantem
841 2291 1126 2372 irreverentiae
1165 2300 1323 2400 arguat
1385 2288 1522 2389 Quare
1561 2316 1703 2371 sacros

214 2419 316 2502 ritus
345 2430 387 2504 et
407 2424 686 2505 caeremonias
706 2424 979 2530 praescriptas
1008 2422 1198 2531 religiose
1218 2422 1449 2520 observent,
1478 2422 1522 2502 in
1552 2421 1702 2529 quibus

213 2553 471 2662 peragendis,
501 2564 548 2635 ut
566 2555 770 2637 inoffenso
800 2554 906 2663 pede
935 2554 1173 2662 procedant,
1203 2555 1373 2635 unicum
1402 2553 1550 2635 ducem
1578 2553 1701 2636 Ritu·

212 2683 278 2766 ale
296 2686 595 2793 praescriptum
624 2696 849 2793 sequantur
877 2684 983 2767 bene
1002 2713 1217 2785 memores,
1246 2714 1333 2767 non
1362 2713 1485 2793 posse
1514 2696 1701 2793 receptos
1763 2708 1769 2715 “

213 2826 254 2897 et
282 2816 535 2925 approbatos
564 2815 774 2899 Ecclesiae
795 2817 1023 2900 catholicae
1052 2819 1154 2900 ritus
1183 2818 1227 2898 in
1256 2816 1432 2899 solemni
1458 2815 1701 2898 Sacramen-

212 2958 349 3030 torum
378 2948 733 3032 administratione
772 2950 959 3034 adhiberi
998 2961 1219 3034 consuetos
1257 2959 1331 3031 aut
1369 2951 1591 3048 contemni,
1629 2959 1703 3032 aut

212 3081 301 3163 sine
329 3093 500 3189 peccato
529 3110 562 3162 a<
584 3082 781 3164 ministris
810 3111 886 3191 pro
921 3082 1040 3165 libito
1070 3083 1216 3181 omitti,
1256 3091 1329 3162 aut
1362 3082 1406 3162 in
1435 3109 1569 3164 novos
1597 3080 1702 3164 alios

215 3240 289 3320 per
317 3232 620 3321 quemcumque
649 3213 916 3296 ecclesiarum
946 3224 1154 3322 pastorem
1182 3212 1344 3295 mutari.
1361 3207 1396 3290 3)

329 3392 387 3475 Ut
425 3394 547 3493 ritus,
596 3421 702 3501 quos
749 3396 945 3504 antiquus
983 3395 1220 3504 provinciae
1268 3392 1392 3501 hujus
1435 3419 1534 3475 usus
1577 3403 1700 3494 tenet,

220 3535 261 3607 et
288 3551 394 3632 quos
413 3534 647 3634 temporum
667 3526 919 3637 indigentiae
939 3534 1147 3635 exoptant,
1177 3524 1348 3606 obtenta
1377 3552 1520 3604 eorum
1548 3552 1575 3604 a
1594 3523 1702 3607 Sede

216 3654 458 3765 Apostolica
496 3656 815 3766 approbatione,
860 3660 904 3739 in
943 3685 1073 3740 unum
1112 3656 1404 3766 compendium
1440 3654 1698 3766 redigantur:

213 3788 424 3896 parabitur
451 3816 562 3870 nova
579 3789 757 3872 Ritualis
776 3790 955 3874 Romani
976 3790 1113 3890 editio,
1142 3787 1287 3871 ritibus
1306 3789 1419 3871 hisce
1437 3788 1699 3897 locupletata

77 3991 85 4016 ,
215 3919 384 4003 Paretur
423 3932 561 4004 autem
596 3922 722 4005 editio
747 3933 901 4006 tantae
930 3923 1211 4032 exemplorum
1251 3921 1405 4030 copiae,
1443 3930 1490 4002 ut
1523 3919 1701 4003 Ritualis

213 4052 307 4134 libri
325 4056 573 4137 accrescenti
593 4055 857 4138 ecclesiarum
885 4085 1056 4139 numero
1083 4054 1299 4153 sufficiant,
1330 4063 1371 4136 et
1390 4052 1587 4162 exemplis
1606 4051 1700 4135 lon·

213 4184 320 4295 giori
358 4214 437 4269 usu
465 4187 615 4269 attritis
653 4215 764 4269 nova
792 4186 984 4270 substitui
1013 4189 1185 4296 possint.
1245 4185 1314 4269 Sic
1344 4212 1510 4295 quoque
1544 4185 1701 4267 occurri

210 4319 365 4426 poterit
409 4318 669 4402 sacerdotum
708 4322 837 4420 votis,
890 4322 961 4429 qui
1009 4312 1186 4402 Ritualis
1234 4318 1400 4400 lectioni
1448 4317 1700 4425 frequentius

208 4476 385 4553 manum
414 4449 632 4551 admoturi,
672 4450 781 4535 illius
810 4452 1020 4563 exemplar
1048 4451 1161 4561 apud
1199 4479 1244 4532 se
1272 4449 1425 4533 habere
1454 4447 1697 4531 desiderant
1776 4464 1781 4472 ’

330 4630 469 4732 Quum
504 4631 771 4716 Sacramenta
802 4632 1145 4734 administrantes,
1185 4643 1258 4714 aut
1286 4632 1413 4713 sacris
1450 4628 1596 4713 ritibus
1625 4657 1699 4738 pe·

210 4762 408 4874 -ragendis
437 4764 585 4847 intenti
614 4794 700 4848 non
729 4793 861 4862 suum,
891 4765 965 4847 sed
999 4765 1209 4848 Ecclesiae
1236 4763 1508 4846 ministerium
1537 4761 1700 4881 obeant,

219 4894 389 5004 ejusque
437 4896 644 5006 legatione
690 4897 936 5007 fimgantur,
985 4909 1198 5007 tamquam
1247 4894 1442 5004 morigeri
1490 4893 1615 5002 legati
1660 4902 1703 4976 et

216 5070 412 5081 ——-...

260 5136 286 5218 ³)
308 5135 405 5201 Cone.
427 5137 516 5202 Trid.
539 5138 625 5203 Sese.
648 5139 722 5204 VII.
745 5160 814 5203 can.
839 5140 887 5204 13.
910 5139 951 5205 de
974 5139 1062 5205 Sacr.
1084 5141 1118 5202 in
1139 5160 1213 5223 gen.
