3960 5956
361 1223 577 1375 neon
611 1223 957 1375 oooornn
993 1179 1637 1380 raovnnonus
1723 1190 1725 1194 ’

860 1557 1072 1567 -α--ω

945 1798 982 1912 Ι.

602 2012 615 2038 ’
725 2054 885 2154 nore
920 2055 1206 2155 rnnrrrn

242 2347 540 2451 1)Relationes
566 2349 617 2432 ad
644 2349 780 2433 Sedern
806 2348 1075 2454 Apostolican
1102 2349 1150 2431 de
1175 2349 1486 2456 praeparatione
1514 2348 1688 2432 concilii.

764 2623 1006 2687 Beatissimo
1029 2624 1167 2691 Pater!

332 2804 571 2869 Suluberrimae
603 2807 822 2888 instructioni,
860 2826 924 2891 qua
957 2804 1118 2870 Sanctitas
1146 2805 1265 2870 Vestra
1297 2806 1413 2870 Litoris
1444 2805 1639 2892 Apostolicis
1671 2807 1714 2870 ad

216 2914 386 2978 Antistitcs
408 2913 654 2998 Herbipolensis
676 2913 863 2979 Conventus
891 2912 975 2977 datis
1001 2913 1135 2998 Cajetae
1165 2913 1217 2977 die
1241 2915 1290 2979 17.
1312 2913 1393 2998 Maji
1416 2913 1497 2978 1849
1519 2912 1713 2978 Germaniae

216 3021 487 3107 Archiepiscopos
508 3029 642 3107 paterne
664 3022 796 3103 monuit,
817 3029 853 3085 ut
874 3023 1095 3107 praescriptae
1116 3041 1176 3107 per
1197 3042 1307 3086 sacros
1326 3020 1476 3086 Oenones
1499 3020 1713 3106 Synodipro-

215 3127 371 3193 vincialee
392 3131 452 3192 rite
475 3127 689 3211 celebrentur,
711 3127 801 3193 filiali
816 3127 1001 3193 obedientia
1016 3129 1306 3214 obtemperaturus,
1323 3131 1394 3213 jam
1409 3150 1512 3216 usque
1527 3151 1547 3192 a
1562 3135 1712 3215 suscepto

215 3237 248 3300 in
281 3237 342 3300 hac
373 3234 618 3320 metropolitana
646 3234 796 3301 Ecclesia
825 3237 1002 3300 ministerio
1034 3258 1105 3301 meo
1134 3235 1214 3300 nihil
1242 3236 1408 3301 ardentius
1436 3240 1469 3301 in
1499 3239 1581 3302 votis
1604 3235 1712 3319 habui,

216 3366 313 3429 quam
333 3353 369 3408 ut
390 3343 550 3408 exoletam
573 3365 593 3406 a
615 3341 753 3408 saeculis
774 3344 807 3406 in
831 3343 892 3407 hac
908 3344 1076 3430 provincia
1098 3343 1301 3428 Synodorum
1323 3346 1509 3408 memoriam
1532 3352 1564 3407 et
1585 3346 1712 3430 praxim
1765 3360 1785 3420 j

215 3450 352 3516 feliciter
372 3454 553 3515 instaurare
576 3448 781 3516 miseratione
809 3451 919 3516 divina
941 3453 1116 3536 contingat.
1173 3476 1176 3484 ·

313 3559 472 3624 Pastorali
494 3566 600 3623 autem
623 3559 809 3646 peramplae
831 3560 992 3646 longeque
1021 3558 1158 3624 diffusae
1179 3559 1443 3624 Archidioecesis
1474 3579 1566 3622 meae
1595 3559 1712 3625 sollici·
1845 3572 1848 3579 ’

215 3666 326 3731 tudine
347 3669 443 3730 nimis
465 3667 634 3749 distentus,
657 3669 807 3751 propriae
829 3668 919 3752 prius
944 3667 1122 3750 Ecclesiae,
1146 3688 1242 3753 quam
1271 3669 1368 3731 totius
1396 3667 1582 3752 provinciae
1604 3669 1713 3733 causis

214 3773 382 3839 consulere
404 3796 543 3862 aequum
565 3781 599 3838 et
613 3775 738 3859 justum
762 3773 851 3857 duxi,
877 3782 1035 3861 vetusque
1056 3777 1174 3840 mentis
1195 3776 1394 3862 propositum
1414 3773 1468 3839 vel
1488 3774 1562 3838 ideo
1584 3796 1712 3861 quoque
1808 3854 1813 3863 Ι

215 3881 306 3947 salva
327 3885 525 3948 conscientia
545 3881 786 3968 prorogandum
808 3884 936 3965 censui,
967 3890 1020 3965 ut,
1052 3903 1126 3947 curn
1146 3885 1270 3948 interea
1292 3881 1332 3947 de
1355 3887 1442 3947 certo
1471 3881 1583 3947 ordine
1604 3903 1712 3947 rerum

214 3993 438 4077 rationumque
469 3989 639 4057 Ecclesiae
676 3990 854 4056 catholicae
887 3991 1110 4055 constituendo
1143 3992 1227 4054 inter
1257 3990 1469 4054 sanctitatem
1496 3989 1648 4057 Vestram
1680 3999 1713 4055 et

212 4101 488 4184 Angustissimum
516 4098 670 4163 Austriae
698 4099 928 4184 Imperatorem
962 4107 1127 4184 ageretur,
1161 4098 1247 4164 facta
1280 4097 1408 4162 demum
1430 4097 1606 4162 auxillante
1639 4098 1711 4163 Deo

213 4207 348 4272 solemni
362 4207 584 4273 Consentione
604 4226 700 4273 asora
714 4206 916 4292 Synodorum
936 4208 1067 4290 negotia
1087 4227 1126 4271 eo
1147 4206 1263 4290 majori
1286 4209 1460 4271 securitate
1483 4206 1708 4292 operandoque

214 4315 322 4380 stabili
344 4334 498 4381 successu
527 4312 676 4401 expediri
698 4323 827 4401 queant

312 4422 421 4503 Quum
441 4425 551 4508 itaque
573 4424 703 4489 remotis
724 4424 851 4509 pristini
872 4421 994 4487 saeculi
1020 4420 1264 4486 difficultatibus
1287 4430 1320 4486 et
1339 4424 1395 4486 via
1416 4422 1489 4486 Deo
1519 4420 1710 4505 providente

213 4532 328 4596 faustis
349 4529 519 4595 conatibus
541 4538 643 4595 strata
664 4529 709 4594 nil
730 4529 868 4617 amplius
888 4529 1054 4617 impediat,
1085 4531 1254 4616 quominus
1276 4532 1420 4595 sancitus
1441 4528 1483 4593 ab
1505 4548 1586 4592 aevo
1608 4527 1711 4614 Syno-

213 4638 326 4702 dorum
354 4658 434 4702 usus
461 4640 495 4703 in
524 4637 587 4703 hac
620 4658 748 4725 quoque
777 4639 943 4724 provincia
969 4638 1193 4703 resuscitetur:
1228 4637 1398 4722 implorato
1427 4636 1491 4700 Dei
1524 4636 1655 4721 auxilio,
1679 4647 1712 4701 et

212 4748 373 4834 exquisito
401 4745 636 4832 Episcoporum
658 4746 935 4831 suffraganeorum
957 4745 1091 4811 consilio
1117 4744 1297 4811 Concilium
1334 4742 1535 4830 provinciale
1565 4746 1711 4832 proximo

211 4874 323 4918 mense
338 4854 487 4939 Augusto
509 4876 688 4920 convocare
709 4855 851 4939 intendo,
871 4864 909 4920 ut
930 4877 1013 4942 quae
1036 4876 1239 4942 summopere
1261 4875 1304 4918 ex
1326 4854 1410 4918 votis
1431 4861 1464 4916 et
1485 4851 1595 4918 verbis
1614 4851 1713 4917 Sanc-

211 4963 313 5025 titatis
333 4960 473 5026 Vestrae
498 4964 698 5037 ‚nondumne
720 4965 765 5026 ed
785 4964 975 5028 catholicam
994 4964 1182 5049 religionem
1203 4963 1478 5047 amplificandam,
1500 4962 1546 5024 ed
1567 4960 1715 5024 eeclesia·

210 5071 326 5132 etiem
346 5069 558 5152 disciplinam
578 5071 781 5136 retinendam
807 5080 840 5136 et
862 5073 1129 5147 instaurandam,
1159 5073 1205 5135 ed
1226 5074 1382 5157 pietatem
1408 5089 1594 5152 moramque
1619 5069 1716 5132 none-

212 5184 329 5241 seeum
352 5178 531 5261 fovendam
563 5179 843 5263 etendtnndem,
866 5180 921 5245 'nd
939 5190 1131 5266 praeeuntes
1159 5201 1285 5247 morer
1316 5181 1477 5348 rediqitas
1505 5177 1718 5261 extirpandos
