3960 5956
532 608 534 612 ¹
569 650 608 740 4)
643 642 917 745 Promnl'gatio
945 642 1202 724 Decretorum
1230 631 1403 722 concilii.

766 944 1179 1075 FRIDERICUS

711 1164 822 1214 sus.
849 1163 1016 1215 rororis.
1043 1120 1239 1212 nocuerim
1347 1126 1352 1137 ’

401 1287 703 1391 pensauren
728 1315 1045 1389 oenomaum
1071 1310 1545 1395 sonwnnznuenno,
1607 1298 1610 1305 ’

651 1437 654 1441 ’
728 1462 773 1501 our
786 1461 820 1500 ur
833 1460 909 1500 sanis
922 1456 1099 1500 meseonem
1114 1457 1212 1498 suarm

263 1576 670 1643 METROPOLITANAE
704 1560 945 1640 ECCLESIAE
963 1573 1210 1681 l’RAGENSlS
1232 1570 1608 1637 ARCHIEPISCOPUS
1630 1568 1687 1633 ET

862 1680 1084 1747 PRINCEPS.

233 1910 526 1973 Renes-sadanma
547 1910 724 1976 Fratribus
746 1899 921 1990 &laconis
943 1883 1270 1989 comprovincialibus}
1304 1913 1399 1987 atque
1420 1890 1519 1967 totius
1536 1904 1723 1984 pronvincias

283 2016 375 2080 Olera
396 2024 426 2080 et
449 2007 718 2099 Christifldelibns

728 2196 875 2260 Salutem
896 2197 932 2259 in
954 2196 1116 2259 Domino!

327 2379 510 2463 injunctum
542 2376 767 2463 metropolitici
798 2379 966 2462 regiminis
998 2377 1107 2441 Nostri
1140 2375 1282 2442 officium
1304 2375 1445 2461 postulat
1466 2378 1604 2457 omnino,
1633 2377 1723 2438 utin

226 2489 361 2568 cunctis,
384 2508 467 2572 quae
490 2484 532 2549 ad
553 2485 708 2569 maj'orem
728 2485 792 2548 Dei
814 2484 949 2568 gloriam
979 2493 1011 2548 et
1032 2481 1238 2569 provincialis
1271 2482 1438 2547 Ecclesiae
1470 2484 1607 2548 Nostrae
1639 2481 1723 2545 utili·

123 2608 128 2615 '
226 2602 325 2657 tatem
349 2595 450 2658 saeris
472 2594 574 2656 innixi
598 2591 783 2657 Canonibus
812 2591 1012 2677 perficienda
1031 2593 1065 2654 in
1086 2591 1225 2655 Domino
1259 2590 1477 2674 decrevimus,
1511 2599 1639 2654 sanctae
1662 2589 1723 2652 Ro·

226 2691 341 2764 manae
363 2698 541 2783 Ecclesiae,
564 2700 704 2764 omnium
726 2697 945 2763 Ecclesiarmn
966 2698 1072 2781 Matri,
1098 2708 1131 2762 et
1151 2698 1293 2783 legitimo
1316 2697 1477 2784 Principis
1498 2696 1724 2784 Apostolorum
1806 2683 1810 2698 ⁸

112 2864 115 2879 ,
226 2806 374 2890 haeredi,
403 2809 544 2872 omnium
569 2804 715 2870 fidelium
741 2808 775 2870 in
797 2805 875 2871 orbe
897 2814 1052 2870 terramm
1075 2807 1179 2888 Patri,
1202 2804 1347 2872 salvifico
1368 2804 1445 2870 fidei
1467 2813 1500 2869 et
1521 2804 1724 2870 obedientiae

230 2914 361 2979 vinculo
383 2915 450 2980 Nos
472 2923 628 2979 testemur
644 2914 818 2978 adunatos.

326 3049 412 3113 Hinc
434 3070 532 3133 quum
555 3047 625 3112 Deo
647 3046 823 3124 auxiliante
851 3046 1017 3130 Synodum
1050 3046 1280 3131 provincialem
1312 3069 1395 3111 anno
1428 3047 1469 3112 ab
1503 3048 1724 3126 Incarnatione

230 3155 360 3221 Domini
388 3154 556 3218 millesimo
597 3155 861 3238 octingentesimo
888 3155 1091 3237 sexagesimo
1123 3176 1195 3218 cum
1217 3156 1358 3218 maxima
1378 3153 1485 3219 cordis
1508 3153 1724 3218 consolatione

227 3263 411 3329 celebrasse
434 3262 538 3327 Nobis
561 3264 744 3346 contigerit:
767 3259 952 3325 laetabundi
975 3261 1017 3325 ad
1038 3262 1136 3344 Petri,
1159 3284 1255 3347 quam
1270 3262 1348 3325 Pius
1364 3260 1586 3345 haereditavit,
1609 3259 1723 3325 Cethe·
1825 3290 1831 3304 ·

228 3371 318 3436 dram
339 3370 553 3455 confugimus,
576 3369 752 3433 humillime
774 3378 954 3453 precantes,
981 3377 1016 3433 ut
1037 3368 1172 3434 Concilii
1195 3372 1288 3433 istius
1310 3370 1394 3434 Acta
1415 3379 1448 3434 et
1469 3369 1618 3453 Decreta,
1642 3391 1724 3455 quae

225 3499 373 3563 supremo
395 3476 534 3542 Sanctae
555 3475 651 3541 Sedis
682 3475 814 3541 arbitrio
847 3476 1014 3561 probanda
1044 3477 1260 3561 subjecimus,
1299 3475 1512 3541 Beatissimus
1548 3477 1646 3541 Pater
1675 3497 1723 3565 re·

167 3639 169 3644 .
226 3607 432 3671 cognoscere,
467 3593 501 3649 et
535 3587 701 3669 recognita
735 3582 882 3670 supernis
915 3583 1121 3669 Apostolieae
1154 3583 1391 3649 benedictionis
1424 3582 1553 3648 fluentis
1589 3587 1722 3668 irrigare

225 3696 419 3781 dignaretur.

324 3826 497 3912 Utriusque
518 3824 615 3909 hujus
636 3826 701 3889 voti
723 3834 886 3908 compotes
902 3826 988 3908 facti,
1009 3825 1145 3910 praelati
1160 3824 1294 3889 Consilii
1310 3825 1453 3890 Decreta
1466 3848 1486 3889 a
1505 3829 1623 3893 Sancta
1637 3827 1721 3892 Sede
1844 3880 1847 3885 .

224 3934 399 4017 recognita,
421 3941 454 3995 et
474 3941 569 4018 prout
590 3934 623 3996 in
644 3933 828 4003 authentico
850 3931 1009 4017 exemplo,
1042 3934 1181 4016 reposito
1210 3934 1248 4007 ¹in
1269 3932 1413 3998 Archivo
1435 3933 1550 3999 Cumae
1566 4000 1570 4008 ,
1584 3935 1720 3999 Nostrae

224 4039 429 4122 exhibentur,
451 4042 538 4126 typis
560 4038 721 4124 evulgata,
743 4039 968 4125 metropolitici
990 4042 1131 4104 muneris
1157 4039 1265 4137 Nostri
1287 4043 1475 4106 auctoritate
1496 4042 1721 4127 praesentibus

226 4147 328 4212 literis
340 4169 399 4233 per
420 4149 604 4212 universam
627 4150 825 4231 provinciam
847 4145 1086 4232 promulgamus
1108 4156 1140 4210 et
1163 4149 1195 4210 in
1216 4149 1343 4211 nomine
1367 4148 1497 4213 Domini
1520 4148 1720 4235 promulgata

226 4256 454 4319 renuntiamus·

327 4385 430 4450 Unica
451 4385 519 4450 Nos
540 4409 660 4452 novum
681 4388 767 4450 vitae
790 4387 964 4472 spiritualis
986 4387 1105 4452 iontem
1126 4389 1309 4472 aperientes
1337 4391 1462 4454 timoris
1491 4389 1579 4454 subit
1600 4393 1718 4475 cogito-

227 4496 281 4581 tio,
303 4516 343 4560 ne
366 4493 499 4577 scilicet,
522 4516 605 4580 quae
627 4493 669 4558 ad
691 4492 789 4558 fidem
809 4494 1077 4581 amplificandum,
1099 4494 1141 4559 ad
1169 4497 1323 4581 pietatem
1345 4498 1525 4579 fovendam,
1558 4498 1600 4561 ad
1632 4496 1718 4561 Cleri

226 4600 401 4687 populique
431 4600 567 4665 salntem
600 4600 782 4686 augendam
810 4602 938 4666 con'dita
965 4611 1047 4683 sunt,
1074 4601 1168 4666 ullius
1196 4604 1291 4689 culpa
1327 4605 1532 4687 frustrentur,
1571 4605 1717 4691 adeoque

227 4707 282 4773 illa
302 4711 389 4794 ipsa,
422 4711 455 4773 in
487 4709 606 4794 quibus
627 4730 648 4772 a
670 4709 808 4774 Domino
852 4711 959 4794 potius
995 4713 1192 4774 remunerari
1226 4711 1465 4797 desideramus,
1487 4715 1628 4779 incuriae
1651 4735 1719 4778 rea·

227 4824 348 4880 tumet
369 4815 585 4881 damnationis
607 4815 787 4901 periculum
808 4837 998 4900 provocasse
1025 4816 1206 4882 videantur.

322 4937 484 5033 Rogamus
518 4950 625 5034 itaque
657 4949 957 5015 Reverendissimos
997 4951 1127 5015 Fratres
1160 4952 1393 5038 Coepiscopos,
1431 4965 1465 5018 ut
1501 4957 1718 5040 exsequendis

224 5047 384 5140 Decretis,
407 5080 489 5143 quae
511 5057 689 5123 Nobiscum
710 5061 794 5124 votis
824 5061 1084 5126 concordissimis
1117 5062 1308 5142 sancierunt,
1341 5061 1472 5125 assidua
1505 5062 1716 5126 sollieitudine.

224 5168 346 5251 intenti,
369 5166 550 5233 uberrimos
575 5171 753 5263 commrmis
776 5173 929 5236 orationis
950 5181 981 5235 et
1002 5169 1122 5236 laboris
1144 5170 1266 5236 fructus
1287 5168 1440 5254 colligere
1462 5180 1652 5235 mereantur.
