<?xml version="1.0" encoding="UTF-8"?>
<!DOCTYPE html PUBLIC "-//W3C//DTD XHTML 1.0 Transitional//EN"
    "http://www.w3.org/TR/xhtml1/DTD/xhtml1-transitional.dtd">
<html xmlns="http://www.w3.org/1999/xhtml" xml:lang="en" lang="en">
 <head>
  <title>
</title>
<meta http-equiv="Content-Type" content="text/html;charset=utf-8" />
  <meta name='ocr-system' content='tesseract 3.04.00' />
  <meta name='ocr-capabilities' content='ocr_page ocr_carea ocr_par ocr_line ocrx_word'/>
</head>
<body>
  <div class='ocr_page' id='page_1' title='image "actaetdecretaco00schwgoog_0183.png"; bbox 0 0 3960 5956; ppageno 0'>
   <div class='ocr_carea' id='block_1_1' title="bbox 295 328 355 394">
    <p class='ocr_par' dir='ltr' id='par_1_1' title="bbox 295 328 355 394">
     <span class='ocr_line' id='line_1_1' title="bbox 295 328 355 394; baseline -0.017 0"><span class='ocrx_word' id='word_1_1' title='bbox 295 328 355 394; x_wconf 78' lang='lat'><strong>116</strong></span> 
     </span>
    </p>
   </div>
   <div class='ocr_carea' id='block_1_2' title="bbox 231 517 1784 2092">
    <p class='ocr_par' dir='ltr' id='par_1_2' title="bbox 231 517 1784 2092">
     <span class='ocr_line' id='line_1_2' title="bbox 292 517 1782 638; baseline 0.001 -29"><span class='ocrx_word' id='word_1_2' title='bbox 292 527 433 611; x_wconf 86' lang='lat' dir='ltr'><strong>fideles</strong></span> <span class='ocrx_word' id='word_1_3' title='bbox 453 530 639 629; x_wconf 83' lang='lat' dir='ltr'><strong>ministri,</strong></span> <span class='ocrx_word' id='word_1_4' title='bbox 671 517 1022 638; x_wconf 76' lang='lat' dir='ltr'><strong>quemadmodum</strong></span> <span class='ocrx_word' id='word_1_5' title='bbox 1051 530 1095 610; x_wconf 92' lang='lat' dir='ltr'><strong>in</strong></span> <span class='ocrx_word' id='word_1_6' title='bbox 1118 527 1368 636; x_wconf 81' lang='lat' dir='ltr'><strong>exequendis</strong></span> <span class='ocrx_word' id='word_1_7' title='bbox 1397 528 1552 610; x_wconf 91' lang='lat' dir='ltr'><strong>rituum</strong></span> <span class='ocrx_word' id='word_1_8' title='bbox 1572 555 1782 610; x_wconf 90' lang='lat' dir='ltr'><strong>caeremo-</strong></span> 
     </span>
     <span class='ocr_line' id='line_1_3' title="bbox 291 652 1780 771; baseline -0.001 -29"><span class='ocrx_word' id='word_1_9' title='bbox 291 661 371 742; x_wconf 84' lang='lat' dir='ltr'>niis</span> <span class='ocrx_word' id='word_1_10' title='bbox 400 659 581 764; x_wconf 86' lang='lat' dir='ltr'><strong>Ritualis&#39;</strong></span> <span class='ocrx_word' id='word_1_11' title='bbox 607 662 836 769; x_wconf 80' lang='lat' dir='ltr'><strong>praeceptis</strong></span> <span class='ocrx_word' id='word_1_12' title='bbox 866 652 1188 771; x_wconf 83' lang='lat' dir='ltr'><strong>adstringunhrr,</strong></span> <span class='ocrx_word' id='word_1_13' title='bbox 1228 661 1287 741; x_wconf 88' lang='lat' dir='ltr'><strong>ita</strong></span> <span class='ocrx_word' id='word_1_14' title='bbox 1326 669 1368 742; x_wconf 90' lang='lat' dir='ltr'><strong>et</strong></span> <span class='ocrx_word' id='word_1_15' title='bbox 1402 661 1491 768; x_wconf 89' lang='lat' dir='ltr'><strong>ejus</strong></span> <span class='ocrx_word' id='word_1_16' title='bbox 1534 658 1679 769; x_wconf 86' lang='lat' dir='ltr'><strong>lingua</strong></span> <span class='ocrx_word' id='word_1_17' title='bbox 1720 661 1780 741; x_wconf 87' lang='lat' dir='ltr'><strong>uti</strong></span> 
     </span>
     <span class='ocr_line' id='line_1_4' title="bbox 283 788 1781 902; baseline 0 -29"><span class='ocrx_word' id='word_1_18' title='bbox 283 790 493 901; x_wconf 87' lang='lat' dir='ltr'><strong>jubentur.</strong></span> <span class='ocrx_word' id='word_1_19' title='bbox 553 789 688 874; x_wconf 91' lang='lat' dir='ltr'><strong>Nemo</strong></span> <span class='ocrx_word' id='word_1_20' title='bbox 718 788 858 900; x_wconf 86' lang='lat' dir='ltr'><strong>itaque</strong></span> <span class='ocrx_word' id='word_1_21' title='bbox 887 802 960 874; x_wconf 91' lang='lat' dir='ltr'><strong>aut</strong></span> <span class='ocrx_word' id='word_1_22' title='bbox 987 793 1155 902; x_wconf 91' lang='lat' dir='ltr'><strong>majoris</strong></span> <span class='ocrx_word' id='word_1_23' title='bbox 1184 789 1482 874; x_wconf 90' lang='lat' dir='ltr'><strong>aedificationis</strong></span> <span class='ocrx_word' id='word_1_24' title='bbox 1512 802 1554 872; x_wconf 95' lang='lat' dir='ltr'><strong>et</strong></span> <span class='ocrx_word' id='word_1_25' title='bbox 1581 790 1781 873; x_wconf 88' lang='lat' dir='ltr'><strong>uberioris</strong></span> 
     </span>
     <span class='ocr_line' id='line_1_5' title="bbox 283 822 1779 1032; baseline -0.001 -25.995"><span class='ocrx_word' id='word_1_26' title='bbox 283 822 652 1007; x_wconf 81' lang='lat' dir='ltr'><strong>JSacramentorum</strong></span> <span class='ocrx_word' id='word_1_27' title='bbox 670 923 827 1007; x_wconf 86' lang='lat' dir='ltr'><strong>fructus</strong></span> <span class='ocrx_word' id='word_1_28' title='bbox 848 920 1031 1025; x_wconf 91' lang='lat' dir='ltr'><strong>obtentu,</strong></span> <span class='ocrx_word' id='word_1_29' title='bbox 1062 936 1135 1008; x_wconf 88' lang='lat' dir='ltr'><strong>aut</strong></span> <span class='ocrx_word' id='word_1_30' title='bbox 1164 923 1242 1008; x_wconf 87' lang='lat' dir='ltr'><strong>sub</strong></span> <span class='ocrx_word' id='word_1_31' title='bbox 1263 949 1527 1032; x_wconf 85' lang='lat' dir='ltr'><strong>quocumque</strong></span> <span class='ocrx_word' id='word_1_32' title='bbox 1556 923 1639 1005; x_wconf 88' lang='lat' dir='ltr'><strong>alio</strong></span> <span class='ocrx_word' id='word_1_33' title='bbox 1659 950 1779 1032; x_wconf 87' lang='lat' dir='ltr'><strong>prae·</strong></span> 
     </span>
     <span class='ocr_line' id='line_1_6' title="bbox 289 1055 1781 1188; baseline -0.002 -50"><span class='ocrx_word' id='word_1_34' title='bbox 289 1065 418 1169; x_wconf 79' lang='lat' dir='ltr'><strong>textu</strong></span> <span class='ocrx_word' id='word_1_35' title='bbox 424 1083 451 1136; x_wconf 90' lang='lat' dir='ltr'><strong>a</strong></span> <span class='ocrx_word' id='word_1_36' title='bbox 438 1057 661 1169; x_wconf 76' lang='lat' dir='ltr'><strong>lingua</strong></span> <span class='ocrx_word' id='word_1_37' title='bbox 632 1057 815 1159; x_wconf 85' lang='lat' dir='ltr'><strong>Ritualis</strong></span> <span class='ocrx_word' id='word_1_38' title='bbox 837 1057 1064 1160; x_wconf 72' lang='lat' dir='ltr'><strong>declinare,</strong></span> <span class='ocrx_word' id='word_1_39' title='bbox 1077 1079 1396 1166; x_wconf 72' lang='lat' dir='ltr'><strong>eamquacurn</strong></span> <span class='ocrx_word' id='word_1_40' title='bbox 1408 1055 1672 1167; x_wconf 84' lang='lat' dir='ltr'><strong>vernacula</strong></span> <span class='ocrx_word' id='word_1_41' title='bbox 1659 1081 1781 1188; x_wconf 70' lang='lat' dir='ltr'><strong>epm</strong></span> 
     </span>
     <span class='ocr_line' id='line_1_7' title="bbox 292 1156 1784 1305; baseline -0.002 -34"><span class='ocrx_word' id='word_1_42' title='bbox 292 1156 453 1305; x_wconf 81' lang='lat' dir='ltr'><strong>mutare</strong></span> <span class='ocrx_word' id='word_1_43' title='bbox 472 1201 720 1301; x_wconf 83' lang='lat' dir='ltr'><strong>praesumat.</strong></span> <span class='ocrx_word' id='word_1_44' title='bbox 751 1189 916 1273; x_wconf 90' lang='lat' dir='ltr'><strong>Horum</strong></span> <span class='ocrx_word' id='word_1_45' title='bbox 936 1192 1088 1274; x_wconf 86' lang='lat' dir='ltr'><strong>etenim</strong></span> <span class='ocrx_word' id='word_1_46' title='bbox 1107 1192 1261 1273; x_wconf 88' lang='lat' dir='ltr'><strong>rituum</strong></span> <span class='ocrx_word' id='word_1_47' title='bbox 1280 1191 1343 1273; x_wconf 83' lang='lat' dir='ltr'><strong>vis</strong></span> <span class='ocrx_word' id='word_1_48' title='bbox 1364 1199 1406 1271; x_wconf 91' lang='lat' dir='ltr'><strong>et</strong></span> <span class='ocrx_word' id='word_1_49' title='bbox 1424 1188 1609 1273; x_wconf 90' lang='lat' dir='ltr'><strong>efficacia</strong></span> <span class='ocrx_word' id='word_1_50' title='bbox 1626 1215 1712 1270; x_wconf 91' lang='lat' dir='ltr'><strong>non</strong></span> <span class='ocrx_word' id='word_1_51' title='bbox 1740 1161 1784 1268; x_wconf 79' lang='lat' dir='ltr'><strong>ih</strong></span> 
     </span>
     <span class='ocr_line' id='line_1_8' title="bbox 291 1288 1783 1432; baseline -0.001 -30"><span class='ocrx_word' id='word_1_52' title='bbox 291 1288 512 1405; x_wconf 78' lang='lat' dir='ltr'><strong>v&#39;e‘rborum</strong></span> <span class='ocrx_word' id='word_1_53' title='bbox 532 1321 814 1432; x_wconf 81' lang='lat' dir='ltr'><strong>intelligentia,</strong></span> <span class='ocrx_word' id='word_1_54' title='bbox 844 1322 950 1405; x_wconf 91' lang='lat' dir='ltr'><strong>sed</strong></span> <span class='ocrx_word' id='word_1_55' title='bbox 938 1351 982 1404; x_wconf 91' lang='grc'><strong>111</strong></span> <span class='ocrx_word' id='word_1_56' title='bbox 1003 1350 1224 1406; x_wconf 88' lang='lat' dir='ltr'><strong>sacrorum</strong></span> <span class='ocrx_word' id='word_1_57' title='bbox 1233 1332 1403 1405; x_wconf 88' lang='lat' dir='ltr'><strong>actuum</strong></span> <span class='ocrx_word' id='word_1_58' title='bbox 1422 1329 1628 1432; x_wconf 78' lang='lat' dir='ltr'><strong>potestate</strong></span> <span class='ocrx_word' id='word_1_59' title='bbox 1658 1319 1729 1401; x_wconf 90' lang='grc'><strong>11</strong></span> <span class='ocrx_word' id='word_1_60' title='bbox 1718 1348 1783 1400; x_wconf 90' lang='lat' dir='ltr'><strong>m·</strong></span> 
     </span>
     <span class='ocr_line' id='line_1_9' title="bbox 290 1450 1782 1564; baseline -0.003 -28"><span class='ocrx_word' id='word_1_61' title='bbox 290 1454 481 1564; x_wconf 85' lang='lat' dir='ltr'><strong>tegritate</strong></span> <span class='ocrx_word' id='word_1_62' title='bbox 509 1455 670 1556; x_wconf 85' lang='lat' dir='ltr'><strong>residet,</strong></span> <span class='ocrx_word' id='word_1_63' title='bbox 701 1483 778 1538; x_wconf 91' lang='lat' dir='ltr'><strong>nec</strong></span> <span class='ocrx_word' id='word_1_64' title='bbox 807 1465 894 1537; x_wconf 90' lang='lat' dir='ltr'><strong>tam</strong></span> <span class='ocrx_word' id='word_1_65' title='bbox 924 1453 1018 1538; x_wconf 90' lang='lat' dir='ltr'><strong>ideo</strong></span> <span class='ocrx_word' id='word_1_66' title='bbox 1048 1465 1146 1538; x_wconf 88' lang='lat' dir='ltr'><strong>sunt</strong></span> <span class='ocrx_word' id='word_1_67' title='bbox 1165 1456 1352 1554; x_wconf 87' lang='lat' dir='ltr'><strong>instituti,</strong></span> <span class='ocrx_word' id='word_1_68' title='bbox 1383 1464 1430 1536; x_wconf 88' lang='lat' dir='ltr'><strong>ut</strong></span> <span class='ocrx_word' id='word_1_69' title='bbox 1449 1451 1638 1536; x_wconf 88' lang='lat' dir='ltr'><strong>docendo</strong></span> <span class='ocrx_word' id='word_1_70' title='bbox 1667 1450 1782 1533; x_wconf 89' lang='lat' dir='ltr'><strong>aedi-</strong></span> 
     </span>
     <span class='ocr_line' id='line_1_10' title="bbox 231 1582 1782 1699; baseline -0.002 -32"><span class='ocrx_word' id='word_1_71' title='bbox 231 1643 235 1647; x_wconf 80' lang='lat'>·</span> <span class='ocrx_word' id='word_1_72' title='bbox 288 1585 423 1686; x_wconf 90' lang='lat' dir='ltr'><strong>ficent,</strong></span> <span class='ocrx_word' id='word_1_73' title='bbox 455 1614 583 1696; x_wconf 88' lang='lat' dir='ltr'><strong>quarn</strong></span> <span class='ocrx_word' id='word_1_74' title='bbox 611 1597 659 1669; x_wconf 94' lang='lat' dir='ltr'><strong>ut</strong></span> <span class='ocrx_word' id='word_1_75' title='bbox 678 1586 889 1696; x_wconf 91' lang='lat' dir='ltr'><strong>operando</strong></span> <span class='ocrx_word' id='word_1_76' title='bbox 910 1586 1178 1699; x_wconf 86' lang='lat' dir='ltr'><strong>sanctificent.</strong></span> <span class='ocrx_word' id='word_1_77' title='bbox 1210 1587 1269 1670; x_wconf 89' lang='lat' dir='ltr'><strong>Ut</strong></span> <span class='ocrx_word' id='word_1_78' title='bbox 1297 1615 1452 1687; x_wconf 89' lang='lat' dir='ltr'><strong>eorum,</strong></span> <span class='ocrx_word' id='word_1_79' title='bbox 1483 1612 1589 1695; x_wconf 90' lang='lat' dir='ltr'><strong>quae</strong></span> <span class='ocrx_word' id='word_1_80' title='bbox 1617 1582 1782 1695; x_wconf 84' lang='lat' dir='ltr'><strong>agenda</strong></span> 
     </span>
     <span class='ocr_line' id='line_1_11' title="bbox 290 1714 1781 1832; baseline -0.001 -33"><span class='ocrx_word' id='word_1_81' title='bbox 290 1728 387 1800; x_wconf 85' lang='lat' dir='ltr'><strong>sunt</strong></span> <span class='ocrx_word' id='word_1_82' title='bbox 425 1728 467 1801; x_wconf 92' lang='lat' dir='ltr'><strong>et</strong></span> <span class='ocrx_word' id='word_1_83' title='bbox 495 1718 682 1818; x_wconf 90' lang='lat' dir='ltr'><strong>dicenda,</strong></span> <span class='ocrx_word' id='word_1_84' title='bbox 713 1718 1031 1832; x_wconf 82' lang='lat' dir='ltr'><strong>intelligentiam</strong></span> <span class='ocrx_word' id='word_1_85' title='bbox 1060 1730 1366 1827; x_wconf 87' lang='lat' dir='ltr'><strong>consequantur</strong></span> <span class='ocrx_word' id='word_1_86' title='bbox 1394 1718 1548 1819; x_wconf 87' lang='lat' dir='ltr'><strong>fideles,</strong></span> <span class='ocrx_word' id='word_1_87' title='bbox 1588 1714 1781 1801; x_wconf 79' lang='lat' dir='ltr'><strong>sacerdos</strong></span> 
     </span>
     <span class='ocr_line' id='line_1_12' title="bbox 291 1847 1782 1962; baseline -0.001 -32"><span class='ocrx_word' id='word_1_88' title='bbox 291 1859 515 1959; x_wconf 90' lang='lat' dir='ltr'><strong>antequam</strong></span> <span class='ocrx_word' id='word_1_89' title='bbox 544 1851 814 1952; x_wconf 85' lang='lat' dir='ltr'><strong>administrat,</strong></span> <span class='ocrx_word' id='word_1_90' title='bbox 844 1851 911 1932; x_wconf 92' lang='lat' dir='ltr'><strong>vel</strong></span> <span class='ocrx_word' id='word_1_91' title='bbox 940 1852 1022 1933; x_wconf 88' lang='lat' dir='ltr'><strong>alia</strong></span> <span class='ocrx_word' id='word_1_92' title='bbox 1052 1850 1150 1934; x_wconf 89' lang='lat' dir='ltr'><strong>data</strong></span> <span class='ocrx_word' id='word_1_93' title='bbox 1180 1853 1489 1962; x_wconf 84' lang='lat' dir='ltr'><strong>opportunitate</strong></span> <span class='ocrx_word' id='word_1_94' title='bbox 1519 1878 1616 1931; x_wconf 90' lang='lat' dir='ltr'><strong>cum</strong></span> <span class='ocrx_word' id='word_1_95' title='bbox 1644 1847 1782 1931; x_wconf 90' lang='lat' dir='ltr'><strong>uberi·</strong></span> 
     </span>
     <span class='ocr_line' id='line_1_13' title="bbox 291 1982 1782 2092; baseline -0.001 -29"><span class='ocrx_word' id='word_1_96' title='bbox 291 1983 352 2064; x_wconf 90' lang='lat' dir='ltr'><strong>ori</strong></span> <span class='ocrx_word' id='word_1_97' title='bbox 371 1983 557 2092; x_wconf 90' lang='lat' dir='ltr'><strong>ipsorum</strong></span> <span class='ocrx_word' id='word_1_98' title='bbox 585 1983 733 2083; x_wconf 86' lang='lat' dir='ltr'><strong>fructu,</strong></span> <span class='ocrx_word' id='word_1_99' title='bbox 772 1994 814 2066; x_wconf 88' lang='lat' dir='ltr'><strong>et</strong></span> <span class='ocrx_word' id='word_1_100' title='bbox 842 1984 1000 2092; x_wconf 89' lang='lat' dir='ltr'><strong>absque</strong></span> <span class='ocrx_word' id='word_1_101' title='bbox 1029 2012 1129 2068; x_wconf 89' lang='lat' dir='ltr'><strong>suae</strong></span> <span class='ocrx_word' id='word_1_102' title='bbox 1148 1984 1452 2069; x_wconf 87' lang='lat' dir='ltr'><strong>inobedientiae</strong></span> <span class='ocrx_word' id='word_1_103' title='bbox 1480 1982 1603 2091; x_wconf 92' lang='lat' dir='ltr'><strong>culpa</strong></span> <span class='ocrx_word' id='word_1_104' title='bbox 1631 2008 1681 2063; x_wconf 89' lang='lat' dir='ltr'><strong>ea</strong></span> <span class='ocrx_word' id='word_1_105' title='bbox 1710 2008 1782 2061; x_wconf 90' lang='lat' dir='ltr'><strong>ex·</strong></span> 
     </span>
    </p>
   </div>
   <div class='ocr_carea' id='block_1_3' title="bbox 290 2111 714 2226">
    <p class='ocr_par' dir='ltr' id='par_1_3' title="bbox 290 2111 714 2226">
     <span class='ocr_line' id='line_1_14' title="bbox 290 2111 714 2226; baseline -0.021 -27"><span class='ocrx_word' id='word_1_106' title='bbox 290 2112 459 2222; x_wconf 81' lang='lat' dir='ltr'><strong>planare</strong></span> <span class='ocrx_word' id='word_1_107' title='bbox 489 2125 663 2226; x_wconf 83' lang='lat' dir='ltr'><strong>satagat.</strong></span> <span class='ocrx_word' id='word_1_108' title='bbox 679 2111 714 2190; x_wconf 83' lang='grc'><strong>4)</strong></span> 
     </span>
    </p>
   </div>
   <div class='ocr_carea' id='block_1_4' title="bbox 287 2294 1784 3463">
    <p class='ocr_par' dir='ltr' id='par_1_4' title="bbox 287 2294 1784 3463">
     <span class='ocr_line' id='line_1_15' title="bbox 406 2294 1778 2407; baseline -0.004 -28"><span class='ocrx_word' id='word_1_109' title='bbox 406 2296 466 2380; x_wconf 93' lang='lat' dir='ltr'><strong>Ut</strong></span> <span class='ocrx_word' id='word_1_110' title='bbox 493 2306 632 2379; x_wconf 87' lang='lat' dir='ltr'><strong>autem</strong></span> <span class='ocrx_word' id='word_1_111' title='bbox 652 2296 794 2382; x_wconf 89' lang='lat' dir='ltr'><strong>fideles</strong></span> <span class='ocrx_word' id='word_1_112' title='bbox 826 2297 1075 2407; x_wconf 82' lang='lat' dir='ltr'><strong>intelligant,</strong></span> <span class='ocrx_word' id='word_1_113' title='bbox 1112 2307 1269 2407; x_wconf 88' lang='lat' dir='ltr'><strong>quanto</strong></span> <span class='ocrx_word' id='word_1_114' title='bbox 1300 2298 1414 2381; x_wconf 90' lang='lat' dir='ltr'><strong>cultu</strong></span> <span class='ocrx_word' id='word_1_115' title='bbox 1434 2307 1476 2379; x_wconf 91' lang='lat' dir='ltr'><strong>et</strong></span> <span class='ocrx_word' id='word_1_116' title='bbox 1513 2294 1778 2378; x_wconf 91' lang='lat' dir='ltr'><strong>veneratione</strong></span> 
     </span>
     <span class='ocr_line' id='line_1_16' title="bbox 290 2425 1779 2539; baseline -0.003 -29"><span class='ocrx_word' id='word_1_117' title='bbox 290 2429 394 2511; x_wconf 83' lang='grc'>11111</span> <span class='ocrx_word' id='word_1_118' title='bbox 413 2429 605 2512; x_wconf 88' lang='lat' dir='ltr'><strong>caelestia</strong></span> <span class='ocrx_word' id='word_1_119' title='bbox 623 2458 796 2512; x_wconf 92' lang='lat' dir='ltr'><strong>munera</strong></span> <span class='ocrx_word' id='word_1_120' title='bbox 825 2429 953 2539; x_wconf 73' lang='lat' dir='ltr'><strong>digna</strong></span> <span class='ocrx_word' id='word_1_121' title='bbox 981 2431 1075 2529; x_wconf 90' lang='lat' dir='ltr'><strong>sint,</strong></span> <span class='ocrx_word' id='word_1_122' title='bbox 1107 2428 1258 2538; x_wconf 87' lang='lat' dir='ltr'><strong>quibus</strong></span> <span class='ocrx_word' id='word_1_123' title='bbox 1280 2430 1401 2539; x_wconf 91' lang='lat' dir='ltr'><strong>proin</strong></span> <span class='ocrx_word' id='word_1_124' title='bbox 1431 2429 1499 2538; x_wconf 92' lang='lat' dir='ltr'><strong>pie</strong></span> <span class='ocrx_word' id='word_1_125' title='bbox 1528 2437 1571 2510; x_wconf 95' lang='lat' dir='ltr'><strong>et</strong></span> <span class='ocrx_word' id='word_1_126' title='bbox 1589 2425 1779 2536; x_wconf 82' lang='lat' dir='ltr'><strong>religiose</strong></span> 
     </span>
     <span class='ocr_line' id='line_1_17' title="bbox 289 2556 1784 2671; baseline -0.003 -28"><span class='ocrx_word' id='word_1_127' title='bbox 289 2571 468 2660; x_wconf 80' lang='grc'>1111111111,</span> <span class='ocrx_word' id='word_1_128' title='bbox 498 2589 621 2671; x_wconf 89' lang='lat' dir='ltr'><strong>porro</strong></span> <span class='ocrx_word' id='word_1_129' title='bbox 642 2588 725 2669; x_wconf 93' lang='lat' dir='ltr'><strong>quo</strong></span> <span class='ocrx_word' id='word_1_130' title='bbox 745 2590 827 2670; x_wconf 68' lang='lat' dir='ltr'><strong>maj</strong></span> <span class='ocrx_word' id='word_1_131' title='bbox 819 2561 892 2643; x_wconf 88' lang='lat' dir='ltr'><strong>cri</strong></span> <span class='ocrx_word' id='word_1_132' title='bbox 927 2560 1174 2644; x_wconf 84' lang='lat' dir='ltr'><strong>christianae</strong></span> <span class='ocrx_word' id='word_1_133' title='bbox 1203 2562 1466 2671; x_wconf 89' lang='lat' dir='ltr'><strong>perfectionis</strong></span> <span class='ocrx_word' id='word_1_134' title='bbox 1496 2556 1756 2643; x_wconf 87' lang='lat' dir='ltr'><strong>desiderio</strong></span> <span class='ocrx_word' id='word_1_135' title='bbox 1725 2582 1784 2638; x_wconf 82' lang='lat' dir='ltr'><strong>arc</strong></span> 
     </span>
     <span class='ocr_line' id='line_1_18' title="bbox 289 2689 1780 2820; baseline -0.004 -44"><span class='ocrx_word' id='word_1_136' title='bbox 289 2693 568 2794; x_wconf 84' lang='lat' dir='ltr'><strong>exardescant,</strong></span> <span class='ocrx_word' id='word_1_137' title='bbox 600 2705 646 2775; x_wconf 93' lang='lat' dir='ltr'><strong>ut</strong></span> <span class='ocrx_word' id='word_1_138' title='bbox 675 2695 709 2775; x_wconf 88' lang='lat' dir='ltr'><strong>si</strong></span> <span class='ocrx_word' id='word_1_139' title='bbox 739 2695 1016 2803; x_wconf 90' lang='lat' dir='ltr'><strong>poenitentiae</strong></span> <span class='ocrx_word' id='word_1_140' title='bbox 1039 2695 1285 2820; x_wconf 83' lang='lat' dir='ltr'><strong>praesertim</strong></span> <span class='ocrx_word' id='word_1_141' title='bbox 1306 2704 1348 2776; x_wconf 91' lang='lat' dir='ltr'><strong>et</strong></span> <span class='ocrx_word' id='word_1_142' title='bbox 1364 2692 1649 2775; x_wconf 78' lang='lat' dir='ltr'><strong>Eucharistiae</strong></span> <span class='ocrx_word' id='word_1_143' title='bbox 1668 2689 1780 2772; x_wconf 87' lang='lat' dir='ltr'><strong>salu·</strong></span> 
     </span>
     <span class='ocr_line' id='line_1_19' title="bbox 289 2800 1782 2935; baseline -0.005 -27"><span class='ocrx_word' id='word_1_144' title='bbox 289 2825 467 2908; x_wconf 90' lang='lat' dir='ltr'><strong>berrimo</strong></span> <span class='ocrx_word' id='word_1_145' title='bbox 512 2854 590 2907; x_wconf 92' lang='lat' dir='ltr'><strong>usu</strong></span> <span class='ocrx_word' id='word_1_146' title='bbox 629 2825 885 2933; x_wconf 90' lang='lat' dir='ltr'><strong>aliquamdiu</strong></span> <span class='ocrx_word' id='word_1_147' title='bbox 914 2800 1098 2927; x_wconf 80' lang='lat' dir='ltr'><strong>careant,</strong></span> <span class='ocrx_word' id='word_1_148' title='bbox 1128 2826 1353 2935; x_wconf 91' lang='lat' dir='ltr'><strong>plurimum</strong></span> <span class='ocrx_word' id='word_1_149' title='bbox 1384 2825 1526 2908; x_wconf 90' lang='lat' dir='ltr'><strong>damni</strong></span> <span class='ocrx_word' id='word_1_150' title='bbox 1564 2852 1609 2908; x_wconf 90' lang='lat' dir='ltr'><strong>se</strong></span> <span class='ocrx_word' id='word_1_151' title='bbox 1637 2821 1782 2903; x_wconf 89' lang='lat' dir='ltr'><strong>fecisse</strong></span> 
     </span>
     <span class='ocr_line' id='line_1_20' title="bbox 289 2956 1781 3065; baseline -0.001 -27"><span class='ocrx_word' id='word_1_152' title='bbox 289 2956 539 3039; x_wconf 85' lang='lat' dir='ltr'><strong>existiment:</strong></span> <span class='ocrx_word' id='word_1_153' title='bbox 570 2957 804 3039; x_wconf 89' lang='lat' dir='ltr'><strong>rudimenta</strong></span> <span class='ocrx_word' id='word_1_154' title='bbox 832 2958 928 3039; x_wconf 90' lang='lat' dir='ltr'><strong>fidei</strong></span> <span class='ocrx_word' id='word_1_155' title='bbox 957 2958 1153 3041; x_wconf 87' lang='lat' dir='ltr'><strong>docentes</strong></span> <span class='ocrx_word' id='word_1_156' title='bbox 1183 2970 1224 3041; x_wconf 87' lang='lat' dir='ltr'><strong>et</strong></span> <span class='ocrx_word' id='word_1_157' title='bbox 1253 2958 1368 3042; x_wconf 90' lang='lat' dir='ltr'><strong>verbi</strong></span> <span class='ocrx_word' id='word_1_158' title='bbox 1389 2958 1518 3040; x_wconf 91' lang='lat' dir='ltr'><strong>divini</strong></span> <span class='ocrx_word' id='word_1_159' title='bbox 1545 2980 1781 3065; x_wconf 86' lang='lat' dir='ltr'><strong>praecones,</strong></span> 
     </span>
     <span class='ocr_line' id='line_1_21' title="bbox 287 3087 1780 3199; baseline -0.002 -29"><span class='ocrx_word' id='word_1_160' title='bbox 287 3088 489 3198; x_wconf 88' lang='lat' dir='ltr'><strong>imprimis</strong></span> <span class='ocrx_word' id='word_1_161' title='bbox 517 3117 615 3172; x_wconf 91' lang='lat' dir='ltr'><strong>vero</strong></span> <span class='ocrx_word' id='word_1_162' title='bbox 645 3090 826 3199; x_wconf 90' lang='lat' dir='ltr'><strong>parochi,</strong></span> <span class='ocrx_word' id='word_1_163' title='bbox 856 3091 909 3172; x_wconf 91' lang='lat' dir='ltr'><strong>de</strong></span> <span class='ocrx_word' id='word_1_164' title='bbox 938 3089 1299 3173; x_wconf 81' lang='lat' dir='ltr'><strong>Sacramentorum</strong></span> <span class='ocrx_word' id='word_1_165' title='bbox 1319 3090 1603 3172; x_wconf 81' lang='lat' dir='ltr'><strong>drvrmtate</strong></span> <span class='ocrx_word' id='word_1_166' title='bbox 1560 3096 1603 3170; x_wconf 93' lang='lat' dir='ltr'><strong>e</strong></span> <span class='ocrx_word' id='word_1_167' title='bbox 1632 3087 1780 3177; x_wconf 80' lang='lat' dir='ltr'><strong>tinctu,</strong></span> 
     </span>
     <span class='ocr_line' id='line_1_22' title="bbox 291 3216 1781 3332; baseline -0.005 -28"><span class='ocrx_word' id='word_1_168' title='bbox 291 3230 415 3330; x_wconf 88' lang='lat' dir='ltr'><strong>atque</strong></span> <span class='ocrx_word' id='word_1_169' title='bbox 455 3231 567 3304; x_wconf 89' lang='lat' dir='ltr'><strong>recta</strong></span> <span class='ocrx_word' id='word_1_170' title='bbox 605 3222 659 3303; x_wconf 88' lang='lat' dir='ltr'><strong>ad</strong></span> <span class='ocrx_word' id='word_1_171' title='bbox 688 3250 738 3303; x_wconf 93' lang='lat' dir='ltr'><strong>ea</strong></span> <span class='ocrx_word' id='word_1_172' title='bbox 766 3221 1029 3332; x_wconf 89' lang='lat' dir='ltr'><strong>suscipienda</strong></span> <span class='ocrx_word' id='word_1_173' title='bbox 1057 3223 1341 3305; x_wconf 88' lang='lat' dir='ltr'><strong>accedentium</strong></span> <span class='ocrx_word' id='word_1_174' title='bbox 1380 3219 1692 3331; x_wconf 86' lang='lat' dir='ltr'><strong>praeparatione</strong></span> <span class='ocrx_word' id='word_1_175' title='bbox 1730 3216 1781 3297; x_wconf 91' lang='lat' dir='ltr'><strong>fi-</strong></span> 
     </span>
     <span class='ocr_line' id='line_1_23' title="bbox 291 3354 1319 3463; baseline -0.001 -26"><span class='ocrx_word' id='word_1_176' title='bbox 291 3354 403 3438; x_wconf 88' lang='lat' dir='ltr'><strong>deles</strong></span> <span class='ocrx_word' id='word_1_177' title='bbox 433 3354 732 3438; x_wconf 87' lang='lat' dir='ltr'><strong>studiosissime</strong></span> <span class='ocrx_word' id='word_1_178' title='bbox 762 3366 803 3436; x_wconf 91' lang='lat' dir='ltr'><strong>et</strong></span> <span class='ocrx_word' id='word_1_179' title='bbox 831 3354 1064 3463; x_wconf 89' lang='lat' dir='ltr'><strong>frequenter</strong></span> <span class='ocrx_word' id='word_1_180' title='bbox 1092 3355 1319 3440; x_wconf 89' lang='lat' dir='ltr'><strong>instituant.</strong></span> 
     </span>
    </p>
   </div>
   <div class='ocr_carea' id='block_1_5' title="bbox 730 3634 1172 3751">
    <p class='ocr_par' dir='ltr' id='par_1_5' title="bbox 730 3634 1172 3751">
     <span class='ocr_line' id='line_1_24' title="bbox 730 3634 1172 3751; baseline -0.016 -28"><span class='ocrx_word' id='word_1_181' title='bbox 730 3744 734 3751; x_wconf 37' lang='lat'><strong><em>‚</em></strong></span> <span class='ocrx_word' id='word_1_182' title='bbox 896 3634 1172 3720; x_wconf 78' lang='grc'>11111111.</span> 
     </span>
    </p>
   </div>
   <div class='ocr_carea' id='block_1_6' title="bbox 694 3854 1373 3955">
    <p class='ocr_par' dir='ltr' id='par_1_6' title="bbox 694 3854 1373 3955">
     <span class='ocr_line' id='line_1_25' title="bbox 694 3854 1373 3955; baseline 0 -19"><span class='ocrx_word' id='word_1_183' title='bbox 694 3857 765 3937; x_wconf 89' lang='lat' dir='ltr'><strong>De</strong></span> <span class='ocrx_word' id='word_1_184' title='bbox 794 3854 1096 3938; x_wconf 82' lang='lat' dir='ltr'><strong>Sacramenta</strong></span> <span class='ocrx_word' id='word_1_185' title='bbox 1127 3855 1373 3955; x_wconf 81' lang='lat' dir='ltr'><strong>Baptismi.</strong></span> 
     </span>
    </p>
   </div>
   <div class='ocr_carea' id='block_1_7' title="bbox 267 4079 1835 4986">
    <p class='ocr_par' dir='ltr' id='par_1_7' title="bbox 267 4079 1835 4986">
     <span class='ocr_line' id='line_1_26' title="bbox 406 4079 1780 4164; baseline 0 -3"><span class='ocrx_word' id='word_1_186' title='bbox 406 4079 517 4162; x_wconf 90' lang='lat' dir='ltr'><strong>Inter</strong></span> <span class='ocrx_word' id='word_1_187' title='bbox 546 4079 813 4164; x_wconf 85' lang='lat' dir='ltr'><strong>Sacramenta</strong></span> <span class='ocrx_word' id='word_1_188' title='bbox 847 4110 873 4162; x_wconf 90' lang='lat' dir='ltr'><strong>a</strong></span> <span class='ocrx_word' id='word_1_189' title='bbox 912 4079 1079 4164; x_wconf 77' lang='lat' dir='ltr'><strong>Oluisto</strong></span> <span class='ocrx_word' id='word_1_190' title='bbox 1116 4081 1300 4163; x_wconf 90' lang='lat' dir='ltr'><strong>Domino</strong></span> <span class='ocrx_word' id='word_1_191' title='bbox 1340 4081 1528 4164; x_wconf 87' lang='lat' dir='ltr'><strong>instituta</strong></span> <span class='ocrx_word' id='word_1_192' title='bbox 1556 4079 1700 4162; x_wconf 90' lang='lat' dir='ltr'><strong>ordine</strong></span> <span class='ocrx_word' id='word_1_193' title='bbox 1738 4087 1780 4161; x_wconf 93' lang='lat' dir='ltr'><strong>et</strong></span> 
     </span>
     <span class='ocr_line' id='line_1_27' title="bbox 290 4212 1835 4323; baseline -0.001 -29"><span class='ocrx_word' id='word_1_194' title='bbox 290 4213 533 4296; x_wconf 89' lang='lat' dir='ltr'><strong>necessitate</strong></span> <span class='ocrx_word' id='word_1_195' title='bbox 561 4214 743 4322; x_wconf 90' lang='lat' dir='ltr'><strong>primum</strong></span> <span class='ocrx_word' id='word_1_196' title='bbox 771 4212 850 4297; x_wconf 90' lang='lat' dir='ltr'><strong>sibi</strong></span> <span class='ocrx_word' id='word_1_197' title='bbox 879 4213 1064 4295; x_wconf 87' lang='lat' dir='ltr'><strong>vindicat</strong></span> <span class='ocrx_word' id='word_1_198' title='bbox 1094 4213 1233 4296; x_wconf 93' lang='lat' dir='ltr'><strong>locum</strong></span> <span class='ocrx_word' id='word_1_199' title='bbox 1263 4213 1511 4323; x_wconf 81' lang='lat' dir='ltr'><strong>Baptismus,</strong></span> <span class='ocrx_word' id='word_1_200' title='bbox 1552 4238 1779 4323; x_wconf 90' lang='lat' dir='ltr'><strong>perquem</strong></span> <span class='ocrx_word' id='word_1_201' title='bbox 1826 4220 1835 4233; x_wconf 89' lang='lat'><strong><em>‘</em></strong></span> 
     </span>
     <span class='ocr_line' id='line_1_28' title="bbox 289 4334 1778 4454; baseline -0.001 -26"><span class='ocrx_word' id='word_1_202' title='bbox 289 4371 342 4428; x_wconf 88' lang='lat' dir='ltr'><strong>ex</strong></span> <span class='ocrx_word' id='word_1_203' title='bbox 370 4343 465 4429; x_wconf 89' lang='lat' dir='ltr'><strong>filiis</strong></span> <span class='ocrx_word' id='word_1_204' title='bbox 493 4345 578 4427; x_wconf 91' lang='lat' dir='ltr'><strong>irae</strong></span> <span class='ocrx_word' id='word_1_205' title='bbox 607 4344 808 4428; x_wconf 92' lang='lat' dir='ltr'><strong>efficimur</strong></span> <span class='ocrx_word' id='word_1_206' title='bbox 836 4344 910 4428; x_wconf 89' lang='lat' dir='ltr'><strong>filii</strong></span> <span class='ocrx_word' id='word_1_207' title='bbox 939 4345 1186 4454; x_wconf 86' lang='lat' dir='ltr'><strong>adoptionis,</strong></span> <span class='ocrx_word' id='word_1_208' title='bbox 1216 4345 1413 4429; x_wconf 89' lang='lat' dir='ltr'><strong>haeredes</strong></span> <span class='ocrx_word' id='word_1_209' title='bbox 1442 4334 1521 4428; x_wconf 86' lang='lat' dir='ltr'><strong>Dei</strong></span> <span class='ocrx_word' id='word_1_210' title='bbox 1556 4355 1599 4428; x_wconf 88' lang='lat' dir='ltr'><strong>et</strong></span> <span class='ocrx_word' id='word_1_211' title='bbox 1627 4343 1778 4427; x_wconf 86' lang='lat' dir='ltr'><strong>cohae-</strong></span> 
     </span>
     <span class='ocr_line' id='line_1_29' title="bbox 288 4475 1777 4589; baseline -0.001 -28"><span class='ocrx_word' id='word_1_212' title='bbox 288 4478 406 4561; x_wconf 90' lang='lat' dir='ltr'><strong>redes</strong></span> <span class='ocrx_word' id='word_1_213' title='bbox 435 4477 539 4560; x_wconf 79' lang='lat' dir='ltr'><strong>Jesu</strong></span> <span class='ocrx_word' id='word_1_214' title='bbox 575 4476 741 4562; x_wconf 80' lang='lat' dir='ltr'><strong>Christi.</strong></span> <span class='ocrx_word' id='word_1_215' title='bbox 803 4476 912 4561; x_wconf 84' lang='lat' dir='ltr'><strong>Cum</strong></span> <span class='ocrx_word' id='word_1_216' title='bbox 940 4480 995 4561; x_wconf 89' lang='lat' dir='ltr'><strong>sit</strong></span> <span class='ocrx_word' id='word_1_217' title='bbox 1023 4478 1232 4561; x_wconf 88' lang='lat' dir='ltr'><strong>lavacrum</strong></span> <span class='ocrx_word' id='word_1_218' title='bbox 1263 4479 1594 4589; x_wconf 82' lang='lat' dir='ltr'><strong>regenerationis,</strong></span> <span class='ocrx_word' id='word_1_219' title='bbox 1628 4475 1777 4559; x_wconf 69' lang='lat' dir='ltr'><strong>fianda-</strong></span> 
     </span>
     <span class='ocr_line' id='line_1_30' title="bbox 289 4610 1778 4721; baseline -0.001 -29"><span class='ocrx_word' id='word_1_220' title='bbox 289 4621 476 4693; x_wconf 91' lang='lat' dir='ltr'><strong>mentum</strong></span> <span class='ocrx_word' id='word_1_221' title='bbox 505 4611 648 4694; x_wconf 89' lang='lat' dir='ltr'><strong>salutis</strong></span> <span class='ocrx_word' id='word_1_222' title='bbox 678 4619 719 4692; x_wconf 92' lang='lat' dir='ltr'><strong>et</strong></span> <span class='ocrx_word' id='word_1_223' title='bbox 749 4611 901 4692; x_wconf 91' lang='lat' dir='ltr'><strong>ostium</strong></span> <span class='ocrx_word' id='word_1_224' title='bbox 931 4611 985 4693; x_wconf 87' lang='lat' dir='ltr'><strong>ad</strong></span> <span class='ocrx_word' id='word_1_225' title='bbox 1023 4611 1272 4710; x_wconf 81' lang='lat' dir='ltr'><strong>Ecclesiam,</strong></span> <span class='ocrx_word' id='word_1_226' title='bbox 1305 4614 1428 4721; x_wconf 87' lang='lat' dir='ltr'><strong>juxta</strong></span> <span class='ocrx_word' id='word_1_227' title='bbox 1466 4611 1562 4694; x_wconf 87' lang='lat' dir='ltr'><strong>fidei</strong></span> <span class='ocrx_word' id='word_1_228' title='bbox 1591 4610 1778 4720; x_wconf 84' lang='lat' dir='ltr'><strong>regulam</strong></span> 
     </span>
     <span class='ocr_line' id='line_1_31' title="bbox 288 4742 1777 4853; baseline -0.002 -28"><span class='ocrx_word' id='word_1_229' title='bbox 288 4745 413 4827; x_wconf 90' lang='lat' dir='ltr'><strong>etiam</strong></span> <span class='ocrx_word' id='word_1_230' title='bbox 434 4744 606 4853; x_wconf 86' lang='lat' dir='ltr'><strong>parvuli,</strong></span> <span class='ocrx_word' id='word_1_231' title='bbox 636 4742 708 4850; x_wconf 93' lang='lat' dir='ltr'><strong>qui</strong></span> <span class='ocrx_word' id='word_1_232' title='bbox 728 4742 831 4823; x_wconf 93' lang='lat' dir='ltr'><strong>nihil</strong></span> <span class='ocrx_word' id='word_1_233' title='bbox 851 4742 1019 4850; x_wconf 89' lang='lat' dir='ltr'><strong>quidem</strong></span> <span class='ocrx_word' id='word_1_234' title='bbox 1039 4753 1303 4852; x_wconf 87' lang='lat' dir='ltr'><strong>peccatorum</strong></span> <span class='ocrx_word' id='word_1_235' title='bbox 1332 4744 1376 4824; x_wconf 90' lang='lat' dir='ltr'><strong>in</strong></span> <span class='ocrx_word' id='word_1_236' title='bbox 1402 4743 1639 4852; x_wconf 56' lang='lat' dir='ltr'><strong>semetipsis¹</strong></span> <span class='ocrx_word' id='word_1_237' title='bbox 1662 4769 1777 4823; x_wconf 88' lang='lat' dir='ltr'><strong>corn·</strong></span> 
     </span>
     <span class='ocr_line' id='line_1_32' title="bbox 267 4873 1779 4986; baseline -0.002 -29"><span class='ocrx_word' id='word_1_238' title='bbox 267 4876 449 4959; x_wconf 86' lang='lat' dir='ltr'><strong>mittere</strong></span> <span class='ocrx_word' id='word_1_239' title='bbox 478 4884 710 4986; x_wconf 79' lang='lat' dir='ltr'><strong>potuerunt,</strong></span> <span class='ocrx_word' id='word_1_240' title='bbox 740 4875 782 4955; x_wconf 91' lang='lat' dir='ltr'><strong>in</strong></span> <span class='ocrx_word' id='word_1_241' title='bbox 813 4877 1095 4957; x_wconf 88' lang='lat' dir='ltr'><strong>remissionem</strong></span> <span class='ocrx_word' id='word_1_242' title='bbox 1117 4887 1382 4985; x_wconf 79' lang='lat' dir='ltr'><strong>peccatonlm</strong></span> <span class='ocrx_word' id='word_1_243' title='bbox 1413 4885 1554 4957; x_wconf 90' lang='lat' dir='ltr'><strong>tamen</strong></span> <span class='ocrx_word' id='word_1_244' title='bbox 1580 4873 1779 4957; x_wconf 83' lang='lat' dir='ltr'><strong>veraciter</strong></span> 
     </span>
    </p>
   </div>
   <div class='ocr_carea' id='block_1_8' title="bbox 290 5070 485 5080">
    <p class='ocr_par' dir='ltr' id='par_1_8' title="bbox 290 5070 485 5080">
     <span class='ocr_line' id='line_1_33' title="bbox 290 5070 485 5080; baseline -0.005 0"><span class='ocrx_word' id='word_1_245' title='bbox 290 5070 485 5080; x_wconf 50' lang='lat' dir='ltr'><strong>ffl-</strong></span> 
     </span>
    </p>
   </div>
   <div class='ocr_carea' id='block_1_9' title="bbox 325 5132 1148 5231">
    <p class='ocr_par' dir='ltr' id='par_1_9' title="bbox 325 5132 1148 5231">
     <span class='ocr_line' id='line_1_34' title="bbox 325 5132 1148 5231; baseline -0.007 -31"><span class='ocrx_word' id='word_1_246' title='bbox 325 5136 358 5231; x_wconf 51' lang='lat' dir='ltr'><strong>f)</strong></span> <span class='ocrx_word' id='word_1_247' title='bbox 381 5135 479 5198; x_wconf 68' lang='lat' dir='ltr'><strong>cono.</strong></span> <span class='ocrx_word' id='word_1_248' title='bbox 502 5133 591 5198; x_wconf 86' lang='lat' dir='ltr'><strong>Trid.</strong></span> <span class='ocrx_word' id='word_1_249' title='bbox 613 5135 700 5197; x_wconf 70' lang='lat' dir='ltr'><strong>Sess-</strong></span> <span class='ocrx_word' id='word_1_250' title='bbox 723 5132 847 5197; x_wconf 78' lang='lat' dir='ltr'>XXIV.</span> <span class='ocrx_word' id='word_1_251' title='bbox 870 5133 911 5195; x_wconf 81' lang='grc'><strong>111</strong></span> <span class='ocrx_word' id='word_1_252' title='bbox 934 5134 1003 5197; x_wconf 82' lang='lat' dir='ltr'><strong>Rei.</strong></span> <span class='ocrx_word' id='word_1_253' title='bbox 1027 5154 1097 5219; x_wconf 84' lang='lat' dir='ltr'><strong>cap.</strong></span> <span class='ocrx_word' id='word_1_254' title='bbox 1121 5134 1148 5198; x_wconf 77' lang='lat'><strong>7.</strong></span> 
     </span>
    </p>
   </div>
   <div class='ocr_carea' id='block_1_10' title="bbox 0 0 1984 5956">
    <p class='ocr_par' dir='ltr' id='par_1_10' title="bbox 0 0 1984 5956">
     <span class='ocr_line' id='line_1_35' title="bbox 0 0 1984 5956; baseline 0 2"><span class='ocrx_word' id='word_1_255' title='bbox 0 0 1984 5956; x_wconf 95' lang='lat' dir='ltr'><strong> </strong></span> 
     </span>
    </p>
   </div>
  </div>
 </body>
</html>
