3960 5956
204 296 374 392 uxxn

330 524 439 605 Quum
470 527 570 609 igitur
598 527 718 610 omnia,
752 547 835 612 quae
857 529 890 590 in
912 529 975 590 ista
996 527 1127 612 Synodo
1149 512 1286 593 tractare
1307 526 1413 589 nsum
1434 532 1513 608 erat,
1535 523 1606 588 Deo
1628 527 1732 608 opitu-

237 633 324 697 lante
344 639 417 698 acte
438 641 471 697 et
492 633 625 699 definita
646 642 763 717 essent,
786 643 942 720 rogarunt
964 635 1178 719 Promotcrcs,
1200 643 1236 698 ut
1257 633 1330 696 finis
1347 631 1489 696 Concilio
1504 634 1733 717 imponeretur.

233 740 340 820 Quum
363 744 581 824 interrogante
603 736 810 827 Metropolita
830 741 1104 806 Reverendissimi
1126 742 1280 828 Episcopi
1301 735 1470 803 assensum
1495 739 1733 825 praebuissent,

233 848 471 933 promulgatum
505 857 554 910 cst
575 849 759 923 Decretum,
783 871 845 935 quo
878 848 1030 934 Syncdu's
1063 850 1212 913 concluso
1234 847 1417 911 declaratur
1448 854 1482 909 et
1514 864 1624 910 omnes
1658 868 1732 910 eon-

233 958 360 1040 gregati
387 955 567 1040 Synodales
588 958 621 1018 in
644 955 781 1020 Domino
805 957 1016 1021 dimittuntur.
1732 944 1739 957 ⁸

331 1063 484 1128 secutum
512 1063 552 1126 de
579 1084 668 1126 more
695 1072 745 1126 est
771 1063 906 1127 alternum
938 1065 1113 1127 Decretum
1141 1065 1180 1126 de
1206 1064 1380 1126 indictione
1401 1064 1572 1144 proximae
1601 1061 1733 1147 ,Synodi

234 1170 440 1256 provincialis
463 1178 577 1235 exacto
600 1172 735 1234 triennio
758 1171 939 1254 habendae,
964 1180 997 1234 et
1017 1174 1147 1235 tertium
1168 1171 1207 1233 de
1228 1158 1461 1253 subscriptione
1482 1179 1511 1232 et
1532 1171 1732 1250 interprete

233 1280 321 1342 tione
343 1277 487 1344 Concilii.
543 1316 549 1324 ·

329 1410 402 1489 Quo
428 1409 513 1473 facto
535 1408 815 1474 Eminentissimus
841 1409 1047 1494 Metropolitu
1073 1389 1159 1473 sores
1186 1407 1296 1472 sacelli
1324 1410 1443 1494 aperiri
1459 1409 1575 1492 jussit,
1598 1414 1631 1469 et
1651 1406 1729 1470 Pro-

234 1518 381 1581 cessione
403 1515 446 1581 ad
468 1516 568 1580 altare
584 1515 689 1600 majus
711 1515 868 1580 adornata
882 1524 950 1580 tum
965 1515 1246 1579 Eminentissimus
1259 1515 1405 1599 Praenes,
1427 1523 1495 1590 tum
1516 1514 1632 1600 reliqui
1654 1533 1731 1599 qua-

234 1633 306 1689 tuor
320 1623 455 1688 Consilii
478 1623 591 1687 Patres
612 1626 762 1690 Decretis
785 1629 915 1712 propria
941 1649 1039 1696 manu
1061 1627 1331 1713 subscripserunt.

329 1742 609 1820 Eminentissimus
624 1756 829 1844 Metropolitas
850 1780 927 1822 mox
949 1780 1096 1823 sermone
1119 1758 1267 1843 synodali
1289 1760 1538 1844 omnipotentem
1561 1756 1668 1820 Deum
1691 1757 1732 1822 de

232 1872 347 1928 exacto
362 1866 554 1948 gravissimo
577 1887 674 1951 opere
693 1847 917 1951 magnificans,
940 1866 1034 1930 simul
1049 1867 1186 1932 Concilii
1208 1864 1361 1930 Patribus
1382 1873 1415 1929 et
1429 1850 1675 1929 Consultoribus
1691 1866 1732 1930 de

233 1991 344 2035 eorum
366 1994 465 2057 opera
487 1979 519 2034 et
540 1972 649 2061 studio
668 1975 791 2056 gratias
813 1975 889 2057 egit,
916 1981 949 2036 et
977 1973 1052 2038 dum
1086 1973 1226 2037 futuram
1263 1974 1475 2038 Decretorum
1508 1975 1732 2037 executionem

147 2156 152 2163 ‚
233 2082 373 2144 omnium
396 2079 548 2144 cordibus
580 2088 714 2165 paterne
748 2081 980 2166 demandabat,
1013 2083 1055 2146 ad
1077 2081 1231 2147 Sanctam
1252 2064 1286 2144 et
1305 2080 1526 2167 Apostolicam
1551 2080 1670 2146 Sedem
1692 2104 1732 2146 ea

231 2186 274 2252 ad
288 2209 434 2260 ,examen
456 2196 493 2251 et·
509 2187 783 2253 confirmationem
807 2211 842 2252 se
864 2189 1045 2254 delaturum
1072 2210 1144 2283 esse
1167 2189 1278 2253 edixit.

328 2321 520 2386 Solemniter
552 2320 626 2384 dein
659 2319 779 2405 hymno
812 2320 1026 2385 Ambrosiano
1060 2319 1229 2384 decantato
1262 2329 1295 2383 et
1321 2339 1449 2382 annexo
1471 2318 1632 2385 versiculo
1654 2342 1728 2386 cum

232 2432 390 2513 oratione,
423 2428 626 2493 Promotcrcs
659 2427 725 2491 alta
747 2449 826 2493 voce
848 2428 1123 2512 Acclamationee,
1151 2449 1232 2513 quas
1264 2426 1467 2513 Synodorum
1497 2436 1629 2492 sanctus
1650 2427 1729 2493 ordo

231 2536 346 2620 habet,
372 2538 637 2623 praecinuerunt,
665 2538 783 2624 quibus
817 2558 927 2622 omnes
961 2536 1141 2623 Synodales
1169 2558 1241 2601 cum
1264 2536 1461 2601 exultatione
1482 2535 1729 2622 responderunt.

231 2645 317 2709 Dato
340 2653 372 2708 et
393 2653 527 2730 accepto
547 2647 631 2709 inter
653 2645 766 2710 Patres
789 2653 883 2731 prout
915 2647 999 2708 inter
1020 2644 1228 2709 Consultores
1262 2644 1371 2709 osculo
1406 2645 1513 2729 pacis,
1546 2645 1588 2709 ad
1616 2667 1730 2711 vocem

232 2752 370 2816 Diaconi
393 2753 633 2826 „Procedomce
653 2756 689 2816 in
705 2762 818 2836 poce,“
834 2752 1066 2837 respondentes
1088 2753 1153 2826 „In
1173 2755 1300 2816 nemine
1314 2752 1445 2837 Christi,
1457 2754 1581 2816 Amen“
1604 2774 1624 2817 e
1647 2751 1730 2819 Con·

233 2858 306 2924 cilio
328 2881 438 2924 omnes
461 2859 691 2925 discesserunt.

315 2992 357 3056 Et
378 2994 423 3055 ita
445 2994 551 3068 omnia
572 2996 606 3057 in
628 2992 941 3078 congregationibus
963 3001 995 3056 et
1016 2991 1223 3057 Sessionibus
1244 3001 1318 3057 acta
1339 2960 1450 3076 fuisse,
1472 2992 1570 3057 fidem
1592 2991 1687 3057 facio.

1212 3148 1391 3214 Salesius
1421 3148 1567 3234 Meyer,

1266 3256 1388 3308 Notarius
1406 3253 1517 3310 Concilii.

307 3604 352 3703 2)
377 3601 548 3685 Decreta
573 3601 885 3685 Eminentisnmi
910 3601 1191 3807 {inrepentes
1217 3602 1269 3685 sd
1294 3603 1458 3685 forman
1486 3604 1650 3688 concilii

318 3776 320 3781 η
845 3746 1032 3829 permen
1053 3747 1104 3808 1a.
1625 3742 1629 3750 ·

667 3977 850 4037 Decretum
869 3978 913 4037 de
935 3977 1117 4052 aperienda
1137 3936 1283 4051 senoco.

333 4155 539 4228 Ftidericne,
567 4154 629 4218 Dei
657 4163 690 4216 et
716 4155 923 4239 Apostolieae
950 4155 1045 4219 Sedis
1072 4157 1177 4240 matie
1203 4153 1236 4219 S.
1258 4154 1296 4218 R
1322 4155 1360 4218 E.
1382 4156 1481 4220 Tituli
1503 4180 1528 4221 s.
1550 4158 1727 4244 Augustini

233 4262 410 4348 Presbyter
430 4262 613 4327 Cardinelis
629 4263 914 4348 Schwarzenberg,
937 4264 1205 4349 Metropolitanae
1219 4262 1387 4327 Ecclesiae
1403 4264 1578 4349 Pragensis
1593 4267 1728 4333 Archie·

233 4374 397 4458 piscopus.
1333 4464 1334 4468 Ἰ

332 4503 385 4567 Ad
411 4505 566 4587 majorem
592 4503 727 4587 gloriam
756 4503 818 4567 Dei
845 4506 1086 4589 onmipotentis,
1114 4504 1219 4568 Patris
1247 4514 1280 4568 et
1301 4505 1374 4569 Filii
1397 4515 1429 4569 et
1451 4505 1590 4591 Spiritus
1612 4509 1727 4590 saneti,

232 4615 265 4675 in
288 4611 440 4674 honorem
469 4610 694 4674 immaculatae
716 4621 748 4673 et
769 4611 928 4695 gloriosae
954 4613 1096 4696 Virginis
1111 4620 1144 4674 et
1159 4611 1221 4674 Dei
1244 4613 1417 4676 Genitricis
1434 4613 1567 4698 Mariae,
1589 4637 1628 4679 ae
1643 4615 1725 4679 Bea-

233 4729 337 4783 torum
351 4718 531 4803 Martyrum
547 4727 580 4780 et
594 4718 804 4785 Patronorum
817 4729 996 4782 nostrorum
1012 4718 1134 4804 Cyrilli,
1150 4718 1316 4802 Methodii,
1329 4720 1405 4803 Viti,
1417 4721 1613 4804 Wenccslai,
1625 4722 1724 4787 Adal·

235 4812 325 4908 berti,
348 4825 556 4910 Sigismundi,
578 4825 715 4891 Joannis
730 4827 961 4912 Nepomuceni,
984 4827 1142 4913 Procopii,
1165 4828 1302 4892 Cosmae
1325 4837 1358 4891 et
1373 4829 1535 4912 Damiani,
1558 4829 1726 4894 Benedicti

234 4955 307 4997 eum
334 4931 500 5014 fratribus,
529 4932 694 5015 Norberti,
721 4933 856 5019 losephi
884 4943 981 5019 atque
1007 4935 1190 5017 Ludmilae,
1220 4945 1252 4998 et
1278 4938 1418 5001 omnium
1451 4936 1656 5020 Sanctorum,
1683 4938 1725 5002 ad

234 5039 452 5125 ampliandum
475 5041 624 5105 decorem
647 5048 778 5104 sanotae
799 5040 913 5104 Matris
935 5040 1102 5104 Ecclesiae
1125 5049 1157 5102 et
1179 5040 1272 5104 Sedis
1295 5043 1511 5127 Apostolicae,
1540 5043 1582 5106 ad
1609 5043 1727 5108 utilita-

233 5157 299 5214 tem
326 5157 358 5211 et
385 5148 519 5213 salutem
546 5148 633 5215 Cleri
655 5147 828 5238 populique
856 5151 952 5215 totius
980 5150 1175 5234 provinciae,
1198 5148 1365 5235 implorato
1387 5151 1525 5239 Spiritus
1547 5154 1651 5216 sancti
1671 5173 1728 5223 au·
