3960 5956
519 569 666 635 Ploucur
686 570 817 646 Phene..
838 593 864 636 s.
884 572 1051 658 metropol.
1073 574 1230 641 ecelesiae
1252 574 1445 651 Canonicus,
1531 611 1534 617 ·

515 677 708 741 Reinwartt
729 677 819 752 Ant,
839 676 1036 764 theologiam
1058 679 1189 761 decens,

516 782 661 848 Schawel
680 785 811 860 Joenrs,
833 784 912 849 eccl.
935 786 1019 849 cath.
1040 785 1177 851 Budvie.
1199 786 1392 869 Canonicus,

521 892 637 957 Tomele
658 895 773 968 Nicot,
799 916 825 957 s.
848 894 1012 979 metropol.
1035 895 1113 960 eccl.
1136 896 1300 977 Decanus,

522 999 661 1067 Wacker'
681 1002 791 1083 Lecp„
817 999 932 1066 Abbas
954 1001 1187 1067 Altovadenus.

316 1104 476 1169 Notarius
498 1105 596 1190 hujus
618 1106 776 1171 Sectionis
799 1107 971 1194 deputatus
994 1117 1063 1172 est:
1086 1112 1278 1174 Rcinwerth
1300 1111 1473 1174 Antonius.

816 1306 841 1368 Ι
845 1305 881 1371 V.
917 1307 1114 1371 Commissie.

318 1450 476 1516 Praenes:
497 1451 799 1534 Reverendissimus
823 1452 1005 1540 Episcopus
1027 1455 1214 1542 Oropensis.

326 1556 477 1622 Vectem
498 1581 524 1623 e.
555 1560 809 1625 Vico-Praeerat
840 1562 1017 1626 Mariccus
1038 1563 1150 1637 Heiat,
1173 1561 1288 1629 Abbes
1310 1562 1491 1649 Tepleusis.

271 1662 495 1730 ermacorae:
517 1665 603 1730 Beer
623 1668 773 1741 Iacobus,
797 1666 966 1734 Generalis
989 1679 1022 1733 et
1042 1670 1183 1753 Magnus
1204 1668 1292 1754 Mag.
1315 1670 1573 1755 Cmcigerorum,
1706 1718 1709 1724 ·

519 1774 671 1838 (Μηίων
693 1776 844 1850 Gabriel,
871 1799 913 1840 ss.
937 1775 1032 1840 theol.
1055 1777 1233 1860 Professor,

515 1869 608 1945 Jeclrl
627 1881 759 1957 Phene,
782 1904 824 1946 ss.
847 1881 943 1947 theol.
967 1882 1064 1965 Prot,

517 1989 667 2073 Matejkc
692 1989 865 2071 theophil„
887 1989 980 2053 Prior
1000 1990 1217 2076 provincialis,

422 2086 424 2091 ’
522 2095 712 2178 Natlecrky
741 2097 883 2161 Vincere.
908 2119 949 2159 ss.
972 2096 1068 2162 theol.
1091 2097 1188 2172 Prot,

399 2284 402 2290 .
519 2202 650 2286 Psciser
669 2204 751 2277 Ioa,
774 2201 932 2267 ecclesiae
954 2203 1039 2267 cath.
1061 2204 1212 2268 Litomer.
1234 2205 1427 2288 canonicus,

520 2309 656 2372 Praete
677 2309 796 2383 Ceret,
820 2334 845 2375 s.
864 2311 1030 2397 metropol.
1052 2310 1210 2377 ecclesiae
1225 2313 1418 2392 (lammens,

519 2417 679 2498 Sipmund
708 2417 867 2509 Wenceel„
889 2417 970 2503 Cap.
992 2406 1176 2504 Vytehrad.
1197 2417 1288 2502 (lan,

384 2534 388 2542 '
522 2526 654 2590 Smutele
675 2526 830 2600 Ioannes,
859 2525 939 2613 Cap.
961 2528 1004 2591 ad
1025 2525 1095 2592 00.
1118 2526 1176 2592 SS.
1199 2526 1392 2609 Canonicus,

520 2635 718 2717 Serpenjrey
740 2634 946 2709 Bernurdus,
969 2635 1078 2699 Vicar.
1101 2636 1212 2720 seran,
1276 2619 1279 2623 ’

525 2741 642 2805 Stdrek
662 2741 817 2815 Journes,
840 2765 882 2804 ss.
905 2741 1001 2807 theol.
1024 2742 1201 2807 Professor.

324 2851 485 2914 Notarius
506 2847 602 2932 hujus
625 2847 783 2915 Sectionis
805 2849 997 2913 constitutus
1019 2859 1085 2914 est:
1108 2847 1298 2932 thlcrslry
1328 2850 1524 2915 Vincentius.

325 2998 498 3062 Caeterum
528 2998 568 3062 de
591 2999 726 3062 materia
748 2997 920 3061 distributa
942 2991 1223 3064 Eminentissimus
1250 2988 1409 3062 Dominus
1432 3018 1588 3062 summam
1611 3017 1721 3062 curam

224 3126 295 3169 esse
318 3103 504 3169 habendam
528 3107 660 3187 monuit,
683 3126 820 3199 eamque
842 3105 986 3169 Concilio
1011 3105 1101 3169 linito
1126 3107 1284 3189 integram
1307 3104 1375 3170 tore
1397 3104 1638 3170 restituendam.

319 3235 453 3316 ‘Quibus
481 3233 582 3307 rebus
614 3236 795 3302 constitutis
828 3235 1031 3302 Promotores
1064 3245 1271 3300 accesserunt
1302 3245 1465 3322 petentes,
1498 3244 1534 3301 ut
1562 3234 1722 3302 nonnullis

224 3341 423 3429 presbyteris
446 3340 643 3429 prhvincise,
664 3346 721 3432 qui
742 3343 784 3408 ad
807 3345 902 3408 istam
924 3344 1216 3428 Congregationem
1239 3342 1365 3409 admitti
1387 3352 1591 3428 rogaverant,
1613 3355 1723 3408 acces·

223 3472 278 3515 sus
300 3451 542 3516 concederetur.
585 3450 647 3514 Cui
670 3452 816 3536 petitioni
837 3448 929 3514 lectis
951 3472 1061 3514 eorum
1084 3448 1267 3513 nominibus
1302 3448 1575 3515 Reverendissirni
1609 3448 1724 3514 Patres

223 3568 414 3641 annuerunt,
438 3556 661 3644 admissosque
685 3557 965 3622 Eminentissimus
987 3556 1192 3641 Metropolita
1224 3556 1264 3621 de
1298 3558 1413 3621 secreti
1444 3555 1595 3621 servandi
1617 3541 1723 3621 officio
1850 3606 1854 3613 .

224 3664 400 3761 admonuit,
423 3674 520 3751 atque
542 3689 605 3730 non
627 3668 687 3730 nisi
712 3664 753 3729 ed
777 3662 973 3729 audiendum
995 3663 1154 3728 admissos
1175 3682 1248 3727 esse
1268 3664 1309 3727 iis
1332 3663 1536 3747 significarit

325 3796 400 3877 Quo.
420 3799 564 3861 sanctius
586 3796 725 3881 singula,
748 3817 831 3882 quae
854 3803 921 3860 tum
957 3796 990 3859 in
1011 3794 1326 3880 Congregationibus
1358 3804 1425 3860 tum
1457 3797 1491 3860 in
1519 3795 1724 3861 Sessionibus

224 3905 393 3970 mactanda
414 3913 534 3986 essent,
556 3926 650 3968 sacro.
671 3911 858 3987 tegerentur
872 3901 1008 3984 silentio,
1030 3901 1311 3967 Eminentissimus
1325 3902 1530 3990 Metropolita
1549 3902 1724 3968 Decretum

224 4011 378 4098 generale
401 4014 440 4075 de
460 4013 619 4075 serrendo
641 4021 762 4075 acerete
786 4009 984 4097 promulgari
1000 3996 1111 4095 jussit,
1141 4032 1203 4096 quo
1225 4009 1308 4076 lecto
1332 4010 1450 4096 singuli
1472 4019 1661 4096 praesentes
1682 4010 1725 4077 ad
1861 4042 1864 4047 ·
1945 4084 1952 4100 .

224 4118 460 4206 Metropolitum
482 4127 703 4199 accesserunt,
726 4139 887 4205 manuque
909 4099 1032 4204 pectori
1055 4116 1186 4225 adrsste
1206 4119 1256 4182 his
1277 4117 1388 4184 verbis
1410 4118 1585 4184 solemnem
1608 4116 1727 4185 silentii

225 4229 430 4315 sponsionem
452 4226 637 4291 edidenmt:
660 4229 808 4308 Spondeo
837 4236 868 4290 rt
886 4230 1051 4309 promitto,
1074 4248 1124 4290 me
1142 4237 1300 4293 secretum
1320 4249 1387 4292 csse
1408 4236 1621 4292 secuturum.

324 4360 441 4424 Postea
472 4357 665 4423 instantibus
698 4358 943 4423 Promotoribus
966 4358 1246 4423 Eminentissimus
1268 4357 1473 4442 Metropolita
1498 4357 1640 4422 Decreta
1661 4355 1726 4440 ills,

225 4490 309 4554 quae
320 4465 364 4531 ad
377 4465 613 4530 inchoationem
625 4474 663 4561 et
676 4466 816 4530 sormam
831 4464 967 4530 Consilii
982 4467 1152 4551 pertinent,
1175 4465 1304 4551 publice
1318 4465 1384 4551 legi
1401 4466 1510 4550 jussit,
1531 4473 1565 4529 et
1578 4463 1726 4550 quidem:

328 4617 355 4680 l.
380 4615 556 4680 Decretum
576 4614 616 4678 de
640 4636 706 4678 rore
730 4616 893 4698 efferendo
910 4615 1125 4698 praejudicio,

326 4724 357 4786 2.
379 4723 555 4786 Decretum
576 4723 615 4785 dc
643 4723 735 4784 mode
759 4721 886 4786 vivendi
907 4722 942 4784 in
964 4721 1106 4804 synodo,
1131 4730 1164 4785 et

325 4831 357 4892 3.
379 4831 555 4894 Decretum
575 4828 615 4892 de
638 4851 704 4893 non
728 4829 936 4903 discedendo,
972 4828 1091 4914 quibus
1112 4850 1223 4908 onmes
1244 4835 1451 4914 praesentes,
1479 4835 1513 4893 et
1538 4829 1727 4913 praesertim

225 4936 502 5003 Reverendissimi
523 4936 636 5000 Patres
662 4934 798 5001 Consilii
820 4957 989 5000 assensum
1012 4935 1241 5022 praebuerunt.

328 5085 531 5151 Prcmcteres
559 5083 684 5165 dehinc
706 5085 906 5169 institerunt,
935 5095 970 5151 ut
999 5107 1097 5171 quum
1126 5087 1234 5151 omnis
1263 5086 1324 5150 rite
1339 5084 1410 5169 jam
1441 5091 1634 5169 praeparata
1656 5085 1729 5164 sint,

228 5194 337 5279 prima
355 5191 465 5261 Sessio
486 5191 619 5280 publiea
641 5193 676 5257 in
697 5192 782 5258 diem
805 5201 1003 5280 sequentem,
1035 5215 1152 5259 nonam
1174 5190 1374 5280 Septembris
1395 5189 1600 5259 indiceretur.
1642 5189 1729 5256 Emi·
