3960 5956
1682 283 1724 370 65

223 503 440 590 facillimos
462 505 685 590 inveniunt
713 509 950 593 imitatores.
1011 507 1195 608 Accedit
1231 507 1460 590 mediamm
1489 505 1724 589 scholarum

222 638 446 747 discipulos
486 641 574 748 ejus
612 643 758 724 aetatis
786 671 897 743 esse,
935 671 1041 752 quae
1072 642 1211 752 quoad
1239 640 1365 723 fidem
1395 651 1436 722 et
1464 640 1723 722 honestatem

223 798 387 853 morum
417 773 666 858 seductionis
694 776 877 884 periculo
907 778 1087 858 maxime
1116 774 1297 858 obnoxia
1326 801 1415 856 esse
1445 774 1560 855 solet.
1601 770 1722 861 Salu-

225 902 398 989 bern'me
427 916 644 1015 propterea
673 905 930 991 Concordiae
959 920 1056 992 actu
1084 910 1189 990 inter
1230 906 1448 990 Summum
1479 904 1723 987 Pontificem

224 1048 266 1119 et
293 1035 647 1148 Angustissimum
668 1040 859 1125 Austriae
893 1042 1190 1153 Imperatorem
1220 1041 1424 1126 sancitum
1453 1048 1525 1136 est,
1557 1065 1723 1119 omnem

217 1170 447 1279 juventutis
477 1173 703 1256 catholicae
733 1176 1032 1260 institutionem
1053 1178 1097 1257 in
1117 1175 1275 1257 cunctis
1298 1172 1451 1266 scholis
1470 1171 1723 1253 conformem

222 1303 308 1386 fore
348 1304 558 1394 doctrinae
597 1308 805 1417 religionis
845 1309 1091 1410 catholicae,
1132 1319 1174 1390 et
1213 1305 1444 1415 Episcopus
1483 1332 1534 1385 ex
1570 1304 1724 1414 proprii

224 1438 440 1546 pastoralis
471 1437 595 1521 officii
623 1468 792 1524 munere
828 1443 1114 1553 religiosamJ
1107 1439 1327 1522 'uventutis
1366 1437 1651 1520 educationem
1680 1437 1724 1518 in

224 1569 417 1654 omnibus
455 1572 734 1657 instructionis
772 1576 873 1659 locis
913 1575 1138 1658 directuros
1177 1582 1219 1654 et
1248 1570 1561 1681 advigilaturos
1600 1580 1646 1650 ut
1680 1570 1724 1651 in

227 1703 374 1829 quavis
402 1699 604 1787 tradenda
632 1706 848 1817 disciplina
877 1708 980 1791 nihil
1008 1707 1127 1807 adsit,
1158 1706 1272 1826 quod
1291 1703 1516 1786 catholicae
1537 1702 1724 1812 religioni

223 1860 468 1985 morumque
496 1836 702 1921 honestati
732 1839 978 1923 adversetur.
1011 1838 1227 1922 Antistites
1256 1838 1394 1947 itaque
1410 1835 1480 1917 hu
1461 1865 1533 1945 Jus
1552 1836 1722 1988 provin-

226 1967 313 2049 ciae
336 1969 506 2054 rationis
530 1968 622 2053 Deo
657 1972 889 2056 reddendae
913 2001 1142 2082 numquam
1171 1999 1257 2054 non
1287 1997 1500 2069 memores,
1537 1970 1723 2053 omnium

226 2125 332 2208 quae
360 2093 521 2190 mediae
551 2103 752 2205 dicuntur,
783 2106 1018 2189 scholarum
1047 2107 1345 2217 inspectionem
1374 2130 1539 2185 summa
1559 2094 1740 2321 seim

226 2218 474 2318 exercebrmt
511 2236 633 2318 vel
621 2239 721 2347 1psi,
765 2240 832 2322 vel
876 2269 950 2349 per
993 2238 1225 2322 sacerdotes
1269 2231 1502 2347 delegatos3
1547 2263 1632 2345 quo

226 2365 320 2467 en't,
359 2367 690 2495 instructionem
709 2400 736 2453 a
773 2374 859 2456 suis
898 2372 1116 2482 Episcopis
1155 2371 1307 2480 scripto
1345 2379 1558 2478 acceptam
1590 2340 1753 2452 fideli

98 2609 101 2615 Ι
226 2506 288 2580 ter
316 2485 443 2627 sequi.
487 2499 692 2611 Suprema
722 2506 919 2605 omnium,
950 2532 1057 2615 quae
1086 2506 1129 2586 in
1158 2505 1223 2587 his
1252 2502 1404 2585 scholis
1439 2512 1629 2612 aguntur
1659 2502 1757 2584 re-'

225 2620 338 2755 gula
368 2632 515 2742 eodem
560 2632 818 2720 Concordiae
862 2647 957 2719 actu
1006 2637 1176 2765 provide
1221 2635 1379 2718 sancita
1421 2635 1623 2743 postulat,
1678 2646 1725 2717 ut

225 2764 360 2847 omnis
398 2766 599 2848 institutio
638 2769 693 2851 ad
731 2772 840 2852 vitae
885 2771 1129 2853 eluistianae
1167 2770 1305 2880 legem
1344 2767 1591 2851 cordibus
1579 2768 1724 2851 mscri-

226 2893 407 2993 bendum
425 2925 501 3007 pro
521 2901 590 2999 rei,
621 2927 728 3010 quae
757 2912 965 3004 tractatu,
995 2914 1142 2986 namra
1167 2901 1397 3010 composita
1425 2898 1524 2982 sitl
1528 2897 1724 3002 lQuam
1841 2979 1844 2983 .

227 3057 416 3112 normam
454 3033 501 3114 ut
538 3060 684 3119 omnes
712 3036 948 3120 scholamm
987 3037 1216 3119 mediarum
1254 3033 1533 3117 moderatores
1570 3035 1724 3118 sincer-

226 3163 387 3244 lissima
424 3162 506 3245 fide
545 3166 797 3271 custodiant,
837 3169 1083 3279 Episcopi
1072 3198 1115 3251 ιιι
1153 3168 1233 3250 hac
1273 3165 1444 3275 Synodo
1484 3169 1725 3278 congregati

226 3313 301 3405 pro
331 3293 455 3377 officii
484 3298 548 3380 sui
577 3301 779 3409 gravitate
815 3302 1098 3385 ardentissime
1127 3301 1369 3400 desiderant
1400 3310 1442 3381 et
1470 3302 1724 3401 cunctorum,

226 3428 281 3511 ad
309 3456 415 3539 quos
442 3418 630 3553 pertinet,
661 3436 849 3559 religioni
878 3445 921 3518 at
922 3464 1003 3546 que
1032 3436 1216 3519 comitati
1261 3435 1304 3570 in
1343 3424 1510 3515 nomine
1555 3433 1726 3516 Domini

229 3548 534 3647 commendant.
739 3566 742 3572 ’

343 3716 456 3847 Hinc
483 3766 726 3877 praeprimis
760 3767 969 3879 religionis
1005 3765 1232 3849 catholicae
1270 3763 1458 3874 magistri
1495 3791 1572 3875 pro
1611 3765 1724 3850 hisce

228 3894 380 3980 scholis
409 3899 629 3983 consumi
658 3909 828 4011 paterne
856 3909 1095 4000 monentur,
1135 3908 1182 3980 ut
1218 3897 1425 3981 excelsam
1440 4002 1446 4015 ι
1462 3898 1723 3981 vocationem

228 4057 348 4112 suam
369 4031 526 4142 jugiter
544 4031 801 4135 meditantes,
831 4033 1012 4118 muneris
1042 4031 1284 4115 auctoritate
1306 4030 1550 4141 ¹episcopali
1585 4031 1723 4113 collati

226 4190 277 4245 ac
306 4161 543 4248 demandati
571 4176 720 4276 partes=
737 4167 844 4250 virili
874 4168 1134 4275 contentione
1163 4164 1334 4274 implere
1362 4164 1555 4246 nitantur.
1592 4160 1723 4247 Oum-

229 4322 309 4407 que
337 4295 482 4415 religio
511 4326 776 4409 nequaquam
814 4301 856 4384 in
894 4301 1033 4413 vagis,
1073 4309 1197 4410 prout
1223 4297 1412 4380 nonnulli
1439 4296 1723 4406 praetendunt,

226 4428 611 4542 imaginationibus
606 4431 863 4516 obscurisve
895 4444 942 4516 et
957 4445 1152 4563 tempore
1180 4431 1433 4515 tentationis
1445 4428 1724 4513 inefficacibus

227 4561 486 4646 sensionibus
524 4565 732 4666 consistat,
763 4575 815 4648 et
842 4565 987 4650 fideles
1031 4567 1211 4649 maxime
1237 4564 1441 4689 {pultiores
1479 4566 1591 4648 clara
1628 4562 1726 4644 fidei

230 4695 465 4844 cognitione
503 4706 546 4778 et
580 4700 845 4807 persuasione
876 4701 1073 4811 religiosa
1117 4694 1362 4782 firmissimis
1397 4695 1671 4780 rationibus
1659 4725 1724 4778 m-
1780 4704 1783 4709 ’

227 4826 327 4918 nixa
352 4827 585 4941 indigeant.
618 4832 795 4939 juvenes
824 4831 904 4916 sibi
938 4831 1114 4917 creditos
1146 4829 1317 4942 provide
1353 4831 1536 4940 pensatis
1581 4857 1725 4914 corum

239 5162 246 5175 ·
278 5136 302 5222 ¹)
324 5137 426 5204 Aras.
443 5137 485 5204 v.
507 5144 541 5204 a
560 5139 635 5205 vn.
