3960 5956
165 279 407 385 ¹aa

332 501 336 508 ’
380 505 445 588 Ne
474 498 551 589 hos
580 508 685 591 inter
714 507 839 589 duces
870 517 910 590 et
939 507 1159 617 magistros
1182 504 1331 617 primi,
1363 499 1556 608 videlicet
1583 505 1662 616 ipsi
1695 532 1762 590 sa-

265 667 428 720 crorum
458 638 675 720 Antistites
703 638 917 720 tremenda
946 641 1127 747 supremi
1156 638 1335 723 Judicis
1343 642 1548 722 sententia
1567 638 1763 749 perstrin-

266 781 436 882 gantur:
469 773 703 864 cautissime
723 772 977 880 procedent
960 801 1016 852 m
1031 772 1291 883 seligendisj
1293 775 1489 854 uniorum
1509 770 1763 892 Clericorum

265 904 593 988 moderatoribus
623 916 664 987 et
693 905 817 986 studii
846 905 1068 1023 theologici
1098 908 1317 1016 magistris,
1358 924 1534 1014 quorum
1572 907 1659 987 vita
1698 918 1766 988 66ὲ

96 1106 99 1110 ,
268 1049 432 1119 nectute
461 1037 637 1146 probata
665 1037 892 1146 perfectior,
923 1064 1100 1146 quorum
1116 1038 1303 1121 doctrina
1332 1038 1491 1146 absque
1511 1039 1626 1119 omni
1645 1034 1764 1120 menss

110 1210 115 1219 ·
270 1170 389 1252 dacio
429 1170 617 1255 falsitatis
658 1168 779 1329 Olero
820 1181 861 1251 et
898 1171 1106 1278 populo
1094 1200 1139 1253 1n
1168 1170 1448 1280 spiritualibus
1477 1169 1683 1251 medicina
1707 1173 1765 1252 sit

271 1313 444 1413 oportet.
546 1350 548 1355 ·
1593 1344 1594 1353 ¹

205 1552 208 1558 Ι
280 1489 295 1520 ,·
383 1447 583 1534 Huncin
611 1452 737 1534 finem
768 1413 980 1561 sequentia
1009 1374 1242 1562 Synodus
1230 1482 1273 1535 1n
1303 1452 1486 1534 Domino
1510 1455 1763 1634 congregata
1852 1463 1854 1469 ’

265 1587 513 1676 nominatim
547 1587 771 1728 censuitst
754 1585 971 1667 tatuenda:

385 1806 421 1882 1.
455 1799 594 1900 Quum
624 1801 831 1884 seminarii
860 1801 1028 1908 majoris
1048 1748 1328 1882 moderatores
1351 1796 1536 1895 Clericos
1561 1827 1648 1882 non
1667 1808 1762 1881 1611-

264 1922 354 2015 tum
384 1933 439 2016 ad
467 1934 664 2042 pietatem
693 1920 735 2015 et
773 1934 882 2015 vitae
922 1933 1186 2016 sacerdotalis
1226 1931 1520 2040 perfectionem
1561 1933 1765 2014 tutissime
1919 1945 1920 1948 ‘

264 2065 496 2167 informare,
528 2065 672 2147 sedet
701 2065 958 2147 solidissimis
988 2065 1347 2174 explanationibus
1376 2064 1502 2172 priori
1533 2065 1668 2172 eapite
1683 2093 1761 2144 re·.

265 2201 430 2281 censitis
460 2199 645 2298 excolere
675 2207 716 2280 et
744 2200 788 2279 in
818 2198 954 2280 studio
984 2199 1219 2308 theologiae
1255 2197 1581 2306 quoquomodo
1612 2198 1761 2305 J'uvare

265 2330 475 2414 (1611661111
504 2361 580 2441 par
619 2360 762 2413 eorum
799 2333 1026 2439 exquisitae
1057 2331 1297 2426 eruditionis
1327 2339 1380 2424 61,
1397 2331 1597 2434 scientiae
1623 2357 1765 2412 sacrae
1840 2343 1843 2349 '

266 2464 388 2573 copia
427 2465 490 2564 sit,
531 2491 657 2571 quam
695 2464 739 2543 in
778 2463 1015 2574 theologiae
1063 2465 1271 2574 magistris
1320 2463 1590 2570 postulamus.
1627 2460 1765 2544 -Hinc

125 2705 127 2710 Ι
265 2596 465 2707 Episcopi
490 2624 580 2682 ¹non
609 2597 841 2704 postposito
870 2606 1059 2705 respectu
1088 2596 1283 2678 advitae
1321 2622 1568 2704 morumque
1607 2594 1765 2676 cando
1894 2708 1895 2712 Ν

242 2757 465 2835 ἱ16111666
495 2739 635 2811 tamen
664 2731 768 2811 inter
789 2727 964 2812 idoneos
994 2740 1035 2811 et
1059 2715 1309 2879 experientia
1338 2728 1537 2879 pastorali
1566 2727 1763 2835 probatos

248 2864 405 2971 potius
435 2861 591 2971 eligant
619 2874 796 2943 rectores
826 2872 867 2949 et
895 2863 1174 2945 moderatores
1205 2862 1422 2962 seminarii,
1424 2861 1526 2969 qui
1561 2861 1628 2943 vel
1646 2860 1763 2943 Doc-

265 3006 402 3078 torum
432 2993 666 3104 theologiae
695 3004 768 3074 aut
796 3022 1005 3090 sacrorum
1037 2975 1257 3078 Canonum
1281 2994 1420 3076 laurea
1440 2994 1626 3102 insigniti
1655 2960 1762 3092 sunt,

183 3142 186 3148 “
264 3125 347 3207 vel
371 3123 491 3207 editis
535 3126 696 3234 scriptis
735 3103 870 3206 aliove
908 3126 1035 3208 modo
1074 3126 1286 3236 publicam
1326 3153 1451 3208 sanae
1480 3124 1694 3208 doetrinae
1723 3136 1765 3206 61

265 3268 433 3340 exactae
472 3258 712 3341 eruditionis
741 3233 1000 3367 theologicae
1029 3259 1195 3341 laudem
1223 3270 1470 3368 meruenmt

143 3452 145 3456 Β
256 3492 274 3508 ”
384 3477 423 3554 2.
454 3472 585 3554 Facta
608 3474 881 3555 conventione
911 3475 1016 3554 inter
1039 3472 1188 3556 Sedem
1208 3472 1494 3582 Apostolicam
1524 3483 1565 3585 et
1592 3469 1764 3582 Augus-

266 3607 472 3689 tissimum
504 3605 695 3688 Austriae
725 3605 1020 3713 imperatorem
1049 3634 1172 3687 nemo
1202 3633 1362 3689 sacram
1382 3597 1647 3715 theologiam,
1678 3602 1763 3686 dis-

268 3738 464 3847 ciplinam
494 3738 787 3820 catecheticam
822 3739 889 3832 vel
918 3739 1128 3848 religionis
1158 3738 1389 3848 doctrinam
1426 3739 1469 3818 in
1500 3764 1764 3847 quocumque

268 3869 461 3953 lnstituto
492 3871 558 3952 vel
586 3871 755 3980 publico
787 3872 853 3971 vel
874 3872 1034 3980 privato
1060 3870 1220 3952 tradere
1249 3881 1396 3979 potest,
1427 3871 1507 3951 nisi
1537 3898 1633 3951 cum
1661 3871 1763 3951 mis·
1822 3899 1824 3903 ’

270 4003 448 4101 sionem,
486 4013 576 4084 tum
605 4005 892 4088 auctoritatem
922 4002 1145 4085 obtinuerit
1179 4002 1233 4085 ab
1263 4002 1473 4112 Episcopo
1504 4003 1761 4101 dioecesana

270 4136 386 4243 cujus
416 4135 604 4218 eamdem
634 4166 826 4247 reuocare
856 4148 942 4236 est,
974 4133 1142 4245 quando
1172 4134 1216 4218 id
1236 4133 1518 4245 opportunum
1548 4135 1761 4217 censuerit.

389 4284 550 4368 Publici
590 4287 824 4396 theologiae
853 4285 1110 4369 Professores
1149 4297 1191 4392 et
1220 4286 1465 4393 disciplinae
1491 4269 1765 4395 catecheticae

270 4418 477 4527 magistri,
517 4430 740 4527 postquam
769 4449 980 4503 sacrorum
1009 4412 1194 4502 Antistes
1230 4419 1282 4501 de
1327 4418 1642 4501 candidatorum
1670 4416 1775 4517 fides

269 4551 440 4632 scientia
469 4578 518 4630 ac
548 4553 714 4659 pietate
727 4553 974 4637 sententiam
1004 4581 1122 4639 suam
1152 4553 1405 4660 exposuerit,
1437 4550 1765 4638 nominabuntur

270 4711 322 4767 ex
350 4684 420 4782 iis,
453 4681 609 4790 quibus
632 4684 808 4767 docendi
828 4686 1068 4768 missionem
1098 4696 1139 4765 61
1158 4686 1444 4835 auctoritatem
1474 4683 1658 4766 conferre
1687 4711 1773 4792 poe.

180 4892 182 4896 ,
270 4826 406 4899 ratum
436 4844 480 4896 se
510 4816 749 4900 exhibuerit.

388 4965 661 5047 1166611116
590 4996 644 5046 au
646 4943 729 5047 tarn
749 4942 943 5049 cathedra
963 4969 1157 5076 publici,
1147 4997 1190 5048 rn
1210 4967 1333 5074 hujus
1354 4966 1530 5046 civitatis
1551 4964 1764 5045 lacultate

270 5098 506 5224 theologica
551 5097 816 5197 Professoris,
865 5103 981 5210 cujus
1026 5129 1190 5209 quoque
1236 5099 1312 5181 erit
1355 5097 1513 5179 emdire
1556 5096 1765 5180 seminarii
