3960 5956
1651 320 1691 385 41

197 523 325 607 coelis·
352 549 426 631 per
445 520 525 603 Dei
555 521 757 603 visionem
788 525 1019 601 coronatur.
1062 513 1168 599 Sunt
1198 518 1375 626 denique
1403 520 1560 602 inimici
1586 518 1694 606 Oru-

199 657 257 745 cis
287 653 453 754 Christi,
483 653 579 735 Filii
606 653 698 754 Dei,
730 636 801 762 qui
821 649 1019 734 ineffabili
1044 649 1263 731 dilectione
1293 648 1444 732 Hostia
1468 651 1602 737 factus
1617 684 1693 764 pro

183 790 378 899 peccatis
407 787 558 870 nostris
589 796 630 868 11
658 786 784 868 totius
809 783 965 882 mundi,
996 774 1114 865 triste
1130 783 1348 890 imperium
1368 785 1512 867 mortis
1534 786 1695 871 destru-

197 922 268 1021 xit,
298 920 413 1002 miris
443 919 563 1000 donis
592 917 817 1028 gratiisque
848 916 1061 998 credentes
1090 902 1325 1023 locupletat,
1363 925 1405 996 et
1433 944 1531 1017 vere
1559 919 1694 1004 bonus

198 1064 340 1164 pastor
371 1079 470 1136 oves
498 1078 595 1134 suas
615 1050 669 1131 ad
689 1078 846 1158 pascua
867 1059 1057 1129 aeternae
1077 1044 1343 1130 beatitudinis
1364 1047 1540 1130 deducit.
1573 1048 1696 1134 Chri·

198 1197 310 1269 stum
340 1186 479 1293 itaque
510 1183 740 1265 Dominum
779 1191 821 1262 et
850 1181 1012 1290 Regem
1049 1191 1280 1289 agnoscant
1310 1209 1465 1281 omnes,
1495 1183 1539 1262 in
1569 1210 1694 1291 quem

199 1319 270 1426 qui
299 1346 385 1400 non
416 1315 641 1413 crediderit,
673 1315 812 1396 salvus
841 1342 930 1396 esse
960 1341 1047 1403 non
1076 1314 1237 1420 poterit.
1298 1310 1387 1392 Nec
1427 1316 1537 1395 enim
1582 1317 1695 1401 aliud

129 1552 139 1567 ἢ
199 1478 353 1533 numen
383 1460 446 1531 est
474 1448 553 1532 sub
583 1447 698 1530 caelo
730 1448 876 1530 datum·
903 1445 1161 1544 hominibus,
1202 1446 1358 1552 inquo
1400 1434 1589 1555 oporteat
1618 1478 1696 1532 nos

202 1583 339 1667 salvos
369 1576 477 1685 fieri,
508 1591 551 1662 et
579 1579 829 1690 quicumque
859 1608 944 1661 non
985 1578 1202 1660 confitetur
1232 1577 1380 1660 desum
1411 1576 1623 1663 Christum
1652 1583 1695 1664 in
1741 1626 1744 1634 ·

198 1743 321 1802 came
350 1714 523 1813 venisse,
553 1713 746 1798 seductor
775 1713 843 1794 hic
872 1724 936 1794 est
964 1722 1006 1792 et
1034 1711 1309 1794 antichristus.
1328 1706 1360 1807 r)

298 1846 390 1959 ,De
422 1845 676 1928 Ecclesia.
710 1842 791 1944 Qui
813 1843 1025 1927 Olnistum
1054 1872 1140 1925 non
1161 1845 1362 1952 agnoscit,
1393 1840 1695 1953 111111111111-ι

201 1983 307 2065 siam
327 1982 416 2088 ejus
436 2007 661 2089 agnoscere
683 1987 830 2087 potest,
845 2047 848 2053 .
861 2006 979 2088 quae,
1010 1986 1134 2085 prout
1152 2004 1260 2058 unus
1280 1976 1487 2061 Dominus
1507 1987 1549 2058 et
1567 2007 1698 2060 unum

199 2112 418 2223 baptisma,
448 2114 507 2194 ita
529 2141 659 2193 unum
680 2108 844 2220 Corpus
874 2122 946 2211 est,
978 2111 1131 2219 quippe
1152 2137 1236 2213 una
1265 2118 1307 2189 et
1326 2109 1416 2190 sola
1435 2137 1559 2218 super
1578 2109 1697 2220 Apo-

198 2247 388 2338 stolicam
417 2256 578 2353 petram
607 2244 790 2369 fimdata,
822 2245 888 2325 cui
917 2243 1189 2345 ministerium
1217 2241 1361 2325 salutis
1386 2251 1577 2324 aeternae
1608 2272 1697 2325 cre·
1742 2247 1743 2250 '
1851 2263 1855 2271 ’

199 2380 331 2462 ditum
361 2388 439 2461 est.
480 2375 588 2460 Suae
618 2377 789 2485 originis
819 2387 861 2457 et
889 2377 953 2458 sui
983 2375 1164 2456 muneris
1194 2375 1371 2474 conscia,
1402 2373 1589 2457 Ecclesia
1608 2376 1697 2458 Ro-

200 2510 554 2595 mano-catholica
584 2537 729 2590 onmes
758 2509 948 2590 homines
977 2508 1068 2589 vult
1096 2492 1341 2589 salvosfieri
1372 2508 1487 2621 ettad
1517 2510 1697 2618 agnitio-

199 2674 296 2729 nem
325 2644 509 2762 veritatis
538 2644 772 2752 pervenire:
803 2642 899 2724 inde
929 2642 1098 2722 minime
1128 2641 1292 2728 mirum,
1321 2641 1357 2721 si
1380 2640 1571 2741 mundus,
1603 2671 1699 2723 cum

199 2783 243 2863 in
262 2779 449 2890 maligno
469 2773 629 2887 positus
650 2777 712 2875 sit,
734 2787 858 2887 prout
874 2773 1086 2858 Christum
1106 2772 1260 2871 oderat,
1286 2774 1375 2880 pari
1396 2774 1492 2854 odio
1512 2783 1699 2855 sanctam

201 2915 289 3028 ejus
319 2911 549 2994 Ecclesiam
578 2909 847 3018 persequitur,
879 2935 1069 3015 eamque.
1084 2905 1341 3005 calumniari,
1373 2904 1596 2988 obstaculis
1625 2935 1698 2988 ve-

199 3074 308 3145 xare,
340 3072 530 3153 premere¹
555 3042 749 3150 undique
767 3040 1023 3149 vincrdisque
1048 3039 1203 3147 ligare,
1230 3038 1314 3119 imo
1345 3029 1438 3119 earn
1469 3039 1699 3120 convellere

200 3190 242 3262 11
270 3177 518 3260 labefactare
547 3175 765 3283 multiplici
795 3174 1036 3258 insidiarum
1065 3199 1216 3280 genere
1241 3170 1421 3254 molitur.
1453 3171 1698 3257 Promissio-

201 3313 265 3394 nis
316 3311 480 3392 divinae
534 3336 739 3391 memores
790 3336 867 3388 nec
919 3304 1236 3414 perversissimis
1282 3313 1427 3391 contra
1448 3340 1450 3343 ¹
1470 3304 1700 3389 Ecclesiam

199 3442 367 3528 ausibus
396 3441 561 3541 saeculi,
594 3468 670 3522 nec
700 3440 828 3547 ipsius
853 3439 990 3520 hostis
1027 3437 1197 3544 antiqui,
1237 3435 1449 3517 mendacis
1488 3435 1542 3519 ab
1582 3415 1699 3518 initio

200 3575 382 3660 motibus
422 3574 549 3656 corda
588 3601 664 3655 sua
703 3570 846 3659 fideles
886 3567 1041 3653 turbari
1085 3569 1315 3677 patiantur,
1361 3568 1434 3649 sed
1479 3567 1699 3677 vigilantes

202 3709 364 3818 pariter,
388 3717 442 3789 ut
470 3708 660 3815 propriae
691 3706 813 3788 saluti
842 3704 1097 3814 provideant,
1130 3700 1273 3784 sedulo
1296 3685 1470 3782 caueant
1499 3729 1525 3781 a
1554 3729 1701 3782 nurne-

202 3842 309 3926 rosis
343 3838 590 3938 mendaciis,
632 3867 737 3947 quae
769 3849 913 3920 contra
953 3835 1163 3918 Ecclesiae
1192 3834 1471 3915 institutiones
1502 3843 1543 3914 et
1572 3834 1701 3916 vitam

202 3985 463 4084 spargrmtur,
493 3954 688 4055 historiae
718 4000 803 4052 non
833 3972 970 4053 minus
984 4030 986 4034 ι
1001 3997 1127 4077 qnam
1157 3994 1283 4049 sanae
1323 3967 1473 4047 rationi
1514 3965 1698 4048 adversa.

319 4104 402 4187 Sed
441 4107 566 4187 etiam
606 4132 786 4187 errorem
825 4089 989 4185 illorum
1028 4102 1254 4213 rejicimuS,
1296 4100 1367 4207 qui
1406 4100 1469 4181 de
1491 4098 1702 4180 Ecclesiae

200 4235 440 4335 muneribus
470 4266 496 4319 a
526 4235 693 4319 Clnistc
724 4235 907 4319 Domino
937 4235 1117 4342 acceptis
1147 4259 1338 4340 perverse
1369 4233 1563 4330 sentiunt,
1602 4229 1702 4312 dum

202 4371 271 4452 vel
299 4370 433 4453 solam
462 4371 812 4476 praedicationem
837 4366 963 4467 verbi,
994 4376 1036 4448 et
1056 4364 1419 4448 Sacramentorum
1440 4364 1703 4446 administra-

201 4504 358 4592 tionem
397 4504 435 4584 ei
475 4514 709 4610 competere
749 4502 912 4599 dicunt,
950 4501 1119 4581 minime
1149 4525 1248 4579 vero
1279 4495 1466 4579 fidelium
1496 4498 1702 4606 regimen3

202 4635 269 4718 vel
309 4662 439 4743 quum
480 4635 674 4716 collatam
714 4634 925 4715 Ecclesiae
964 4630 1224 4742 gubernandi
1259 4639 1508 4738 potestatem
1539 4629 1703 4737 penitus

201 4770 393 4880 ignorare
424 4769 494 4850 vix
525 4769 695 4876 possint,
726 4767 835 4850 illius
864 4778 1005 4848 tamen
1035 4763 1213 4846 liberum
1240 4762 1480 4849 exercitium
1510 4760 1564 4843 ab
1593 4758 1703 4842 arbi-

202 4903 281 4985 trio
312 4902 532 5021 hominum
562 4900 793 5009 dependere
824 4900 949 5007 impie
985 4897 1256 5006 proclamant.
1316 4893 1512 5003 Regnum
1550 4891 1705 4982 Oinisti

253 5137 274 5221 ¹)
296 5137 370 5202 Act
393 5137 507 5222 Apost.
529 5136 559 5199 4.
585 5135 633 5198 12.
656 5172 696 5181 -
718 5133 763 5197 Η.
787 5132 905 5198 Joann.
930 5133 958 5195 7.
1016 5089 1020 5097 ⁵
1395 5227 1412 5289 7
