3960 5956
262 275 303 356 66

258 494 494 605 indigentiis
525 505 565 580 et
595 495 747 579 saeculi
776 497 899 606 hujus
928 497 1084 606 injuriis
1123 498 1167 579 in
1197 496 1383 581 doctrina
1411 495 1620 607 religionis
1657 494 1759 578 soli·
1823 488 1824 492 ‘

148 626 151 631 ’
259 628 426 712 dissime
464 631 699 732 instituant,
739 640 958 714 uteorum
995 630 1099 714 fides
1133 632 1377 714 inconcussa
1414 638 1512 729 stet,
1552 627 1760 737 fidemque

258 761 449 845 voluntas
478 774 673 872 sequatur
709 762 830 845 firma
868 774 910 845 et
938 764 1208 847 laetabunda..
1229 763 1378 846 Libros
1407 772 1567 860 autem,
1608 759 1758 870 quibus

258 894 487 976 doctrinam
542 895 751 978 Ecclesiae
795 896 1002 982 tradentes
1044 896 1218 978 fideliter
1239 895 1518 1008 inhaereant,
1564 893 1762 1003 Episcopi
1853 956 1859 961 .

259 1056 423 1115 summa
463 1057 560 1109 cura
589 1023 762 1139 eligent,
802 1029 1021 1139 nullosque
1059 1058 1144 1112 non
1173 1029 1399 1139 praemisso
1433 1028 1621 1138 rigoroso
1660 1054 1759 1109 exa·

258 1161 370 1241 mine
399 1159 629 1242 admittent.
1192 1177 1193 1180 '

378 1372 516 1474 Quum
555 1362 694 1457 autem
734 1376 877 1485 religio
914 1377 957 1456 in
979 1360 1307 1459 ¹adolescentium
1336 1375 1505 1474 animis,
1535 1374 1615 1458 nisi
1644 1355 1761 1461 exerss

260 1507 377 1607 citi0,
417 1505 570 1589 firmari
600 1518 799 1616 nequeat:
841 1504 1089 1590 Oatechetae
1119 1494 1262 1592 officio
1295 1537 1370 1591 suo
1409 1509 1485 1589 rite
1504 1505 1761 1615 ,satisfacturi

253 1642 427 1748 juvenes
458 1639 512 1721 ad
541 1639 667 1721 fidem
688 1640 958 1724 exercendam
985 1642 1181 1751 peculiari
1212 1637 1347 1750 studio
1367 1642 1565 1722 inducant
1585 1648 1757 1748 oportet.

215 1834 216 1838 κ
261 1771 320 1854 Ut
347 1770 520 1882 proinde
550 1772 735 1855 studiosa
766 1776 965 1887 juventus
995 1772 1178 1883 quotidie
1208 1775 1466 1865 sanctissimo
1501 1771 1653 1858 Missae
1684 1769 1761 1855 Sa

163 1956 165 1959 ψ
264 1905 415 1987 orificio
446 1883 593 1986 devote
623 1906 792 2005 intersit,
824 1904 1083 1987 occasionem
1113 1916 1155 1987 et
1173 1897 1330 2006 motiva
1349 1896 1593 2016 praebeant3
1625 1904 1761 2015 digni·

262 2030 420 2139 aui-a
449 2037 657 2147 splendori
687 2037 821 2120 cultus
859 2037 989 2118 divini
1024 2037 1166 2120 sedulo
1197 2040 1433 2139 consulant,
1474 2039 1668 2153 ipsosque
1688 2038 1761 2148 ju-

271 2156 277 2167 ’
337 2180 354 2277 j
417 2165 648 2272 stimulent,
690 2181 737 2252 nt
766 2171 997 2252 communis
1028 2169 1277 2279 adorationis
1307 2172 1400 2254 loca
1439 2183 1481 2253 et
1510 2170 1646 2253 officia
1683 2166 1760 2253 ha·

101 2361 104 2368 .
238 2324 261 2379 a
369 2312 387 2384 t
417 2285 701 2404 dilectissima,
737 2305 862 2385 etiam
891 2303 1066 2412 propriis
1083 2304 1241 2399 ¹'studiis
1272 2304 1456 2386 ornanda
1486 2314 1527 2385 et
1555 2300 1758 2415 augenda.

261 2432 402 2537 Quum
427 2437 501 2518 ‘ad
538 2436 664 2518 fidem
709 2447 750 2518 et
788 2438 984 2546 pietatem
1016 2438 1246 2547 juventutis
1285 2435 1531 2519 firmandam
1570 2434 1762 2546 religiosa

261 2566 620 2653 Sacramentorum
664 2569 936 2679 frequentatio
981 2569 1206 2679 plurimum
1245 2558 1447 2651 conferat:
1496 2569 1595 2653 hinc
1637 2567 1761 2677 plane

260 2701 458 2813 singulari
483 2699 810 2785 'Catachetarum
849 2730 970 2784 curae
1001 2702 1277 2786 confessiones
1306 2704 1510 2811 juvenum
1543 2713 1760 2810 tamquam

262 2818 349 2917 rem
379 2837 580 2917 momenti
614 2836 848 2945 gravissimi
879 2833 1188 2918 commendatas
1224 2834 1427 2919 volumus.
1489 2831 1762 2917 Sclertissime
1820 2861 1821 2865 ‘

265 2977 427 3066 curent,
458 2996 510 3048 ne
532 2970 721 3077 juvenes·
739 2969 941 3051 sacerdoti
971 2968 1099 3051 cuivis
1130 2966 1252 3049 obvio
1283 2978 1325 3049 ct
1352 2967 1478 3049 modo
1508 2966 1606 3048 huic
1634 2963 1761 3049 modo

263 3101 322 3182 illi
366 3099 657 3202 confiteantur,
708 3101 781 3183 sed
825 3130 848 3182 e
896 3100 1080 3211 probatis
1123 3099 1435 3211 probatissimos
1479 3100 1760 3199 confessarios,

263 3258 416 3340 eosque
446 3232 553 3312 vitae
584 3259 682 3313 suae
714 3233 936 3343 spiritualis
966 3232 1091 3335 duces
1128 3232 1207 3316 sibi
1237 3232 1411 3344 eligant,
1452 3231 1601 3342 quibus
1632 3259 1761 3342 quum

262 3364 500 3474 hujusmodi
528 3374 723 3476 paternae
754 3365 988 3449 directionis
1018 3364 1217 3448 beneficia
1245 3344 1383 3450 felices
1413 3369 1569 3475 experti
1598 3364 1761 3463 fuerint,
1819 3440 1823 3447 .

264 3496 385 3580 saluti
415 3525 513 3581 suae
534 3489 791 3608 prospecturi
824 3500 948 3580 etiam
979 3528 1001 3580 e
1030 3498 1173 3581 schola
1202 3499 1355 3609 egressi
1383 3499 1653 3582 conscientias
1682 3494 1761 3578 tuti

261 3629 502 3740 pandcbunt
531 3631 779 3741 credentque
808 3633 976 3715 ulterius
1002 3630 1247 3740 dirigendas.
1298 3631 1503 3714 Exercitia
1532 3627 1760 3740 spiritualia

261 3773 357 3844 ante
386 3760 732 3846 Communionem
760 3764 998 3874 paschalem
1027 3765 1178 3846 usitata
1207 3765 1320 3845 omni
1350 3764 1519 3864 meliori,
1558 3788 1642 3871 quo
1671 3760 1760 3842 fieri

260 3897 430 4006 poterit,
470 3894 596 3978 modo
635 3896 882 4007 dirigantur,
927 3897 1101 4005 ideoque
1141 3908 1188 3979 ut
1225 3897 1404 3980 fructum
1442 3897 1537 4007 plus
1576 3894 1760 3992 afferant,

112 4047 117 4054 ’
263 4028 495 4139 paralium
525 4029 800 4129 sacerdotem,
840 4029 1026 4140 pluribus
1065 4057 1191 4138 quarn
1217 4031 1431 4139 hucusque
1461 4029 1573 4111 horis
1602 4036 1644 4108 et
1673 4025 1762 4108 die·

263 4160 364 4261 bus,
395 4163 621 4271 praemissa
650 4162 701 4244 de
730 4174 842 4245 recto
872 4191 1015 4245 eorum
1043 4191 1122 4247 usu
1150 4164 1417 4246 irrstructione
1446 4173 1488 4245 et
1516 4160 1667 4244 tradito
1690 4160 1763 4268 ju-

262 4295 436 4379 venibus
466 4295 668 4378 servando
699 4297 981 4379 exercitionrm
1022 4296 1164 4378 ordine
1193 4295 1432 4378 habeantur.
1494 4293 1578 4378 Sed
1599 4302 1658 4374 et
1696 4291 1762 4374 his

263 4427 454 4535 omnibus
493 4428 662 4511 minime
692 4431 997 4538 acquiescentes
1027 4429 1236 4540 religionis
1274 4429 1461 4538 magistri
1495 4424 1680 4509 moribus
1719 4434 1762 4506 et

263 4562 562 4647 conversationi
584 4564 814 4672 juventutis
853 4591 930 4646 ceu
968 4563 1068 4646 boni
1103 4573 1289 4672 pastores
1317 4560 1554 4672 invigilent3
1595 4559 1764 4640 visitent

263 4695 468 4777 studiosos
494 4696 539 4777 in
567 4693 776 4797 domibus,
806 4697 1046 4806 praesertim
1075 4705 1266 4807 aegrotos
1295 4721 1448 4803 eosque
1479 4693 1530 4775 de
1560 4691 1763 4801 recipien-

263 4827 327 4910 dis
357 4825 633 4911 Sacramentis
661 4842 877 4934 morreant3
913 4839 1048 4912 aetate
1077 4826 1377 4938 maturioribus,
1418 4827 1453 4909 si
1484 4824 1620 4908 dubiis
1655 4824 1765 4906 circa

262 4957 387 5041 fidem
417 4971 617 5043 vexantur
646 4962 712 5043 vel
742 4963 881 5071 quoad
910 4990 1073 5044 morum
1102 4961 1360 5043 honestatem
1380 4958 1664 5069 periclitantur
1691 4967 1764 5038 aut

255 5094 432 5203 jamjam
461 5093 567 5203 lapsi
596 5094 764 5193 fuerint,
804 5094 985 5205 benigna
1024 5105 1065 5177 et
1093 5094 1265 5202 patienti
1295 5093 1492 5176 charitate
1523 5098 1764 5177 succurrant
