3960 5956
1659 326 1701 391 a
1819 337 1822 343 .

201 533 434 643 legitimum
463 526 665 635 Principis
695 523 995 634 Apostolorum
1025 555 1318 628 successorem,
1347 527 1452 611 Jesu
1482 525 1636 612 Christi
1657 532 1701 612 in
1784 592 1787 598 f

201 663 560 760 tenisVicarium‚
591 687 832 767 supremum
860 658 960 739 fidei
989 659 1201 742 doctorem
1232 673 1273 742 et
1302 662 1420 742 navis
1447 657 1601 743 Christi
1620 693 1700 772 gu-

202 797 492 913 bematorem,
516 795 583 877 cui
621 792 860 874 fidelissima
899 791 1135 874 obedientia
1174 794 1383 901 animique
1423 821 1615 878 assensus
1646 793 1699 876 ab

203 929 415 1028 omnibus,
462 929 533 1036 qui
572 926 627 1007 ad
667 926 774 1009 ovile
805 923 959 1007 Christi
999 927 1202 1033 pertinere
1246 926 1412 1025 volunt,
1458 937 1698 1034 praestetur.

201 1064 472 1146 Declaramus
503 1071 544 1141 et
574 1059 782 1157 docemus,
813 1057 922 1138 hanc
951 1056 1132 1139 Romani
1169 1057 1380 1140 Pontificis
1411 1060 1700 1142 auctoritatem

201 1195 423 1301 aChristo
453 1194 638 1275 Domino
670 1191 932 1290 descendere,
964 1220 990 1272 a
1019 1175 1133 1272 nulla
1162 1192 1283 1298 proin
1323 1191 1539 1272 hominum
1579 1202 1699 1299 pote·
1850 1214 1853 1222 ’

202 1340 305 1437 state
335 1328 402 1410 vel
432 1326 698 1408 concessione
729 1324 920 1432 pendere,
951 1333 1075 1431 atque
1089 1355 1094 1365 ·
1107 1324 1221 1405 omni
1250 1333 1436 1431 ternpore
1462 1337 1503 1404 et
1523 1324 1566 1404 in
1586 1335 1699 1406 atro·

202 1459 376 1543 cissimis
405 1458 621 1540 Romanae
650 1456 859 1538 Ecclesiae
896 1455 1186 1537 afflictionibus
1226 1454 1464 1563 perdurare
1487 1452 1699 1554 illibatam,

201 1603 326 1702 prout
355 1592 481 1690 etiam
510 1592 554 1671 in
567 1665 569 1669 .
584 1588 815 1672 carceribus
845 1600 886 1670 et
915 1589 1122 1698 martyriis
1157 1586 1268 1670 beati
1298 1587 1408 1670 Petri
1448 1572 1698 1697 perduravit.

236 1742 240 1749 '
317 1720 401 1808 Sed
439 1753 525 1805 non
564 1724 700 1805 minus
740 1751 837 1804 cum
876 1732 975 1815 tota,
1003 1720 1190 1805 Ecclesia
1228 1721 1472 1803 confitemur
1507 1733 1549 1803 et
1577 1732 1697 1832 grato

201 1857 325 1942 corde
346 1856 644 1966 praedicamus,
670 1839 892 1965 ,singulari
912 1883 1081 1963 prorsus
1106 1855 1269 1937 divinae
1292 1855 1577 1964 providentiae
1598 1844 1699 1937 con-

55 2076 59 2089 ,
203 1992 300 2075 silio
323 1990 479 2072 factum
509 2016 610 2089 esse,
641 1999 688 2070 ut
717 2017 811 2069 cum
842 1987 1080 2098 Romanum
1118 1989 1271 2069 corruit
1300 1987 1536 2096 Imperium,
1577 1997 1619 2068 et
1657 1989 1700 2067 in

201 2123 322 2233 plura
360 2123 438 2204 fuit
476 2149 606 2231 regna
645 2120 834 2220 divisum,
875 2108 1091 2204 Romanus
1120 2120 1322 2221 Pontifex,
1353 2118 1487 2230 quem⁸
1510 2116 1700 2203 Christus

202 2258 328 2364 totius
358 2255 568 2338 Ecclesiae
590 2282 688 2337 suae
709 2264 835 2362 caput
855 2264 1123 2364 centrumque
1145 2256 1367 2353 constituit,
1399 2254 1560 2335 civilem
1585 2248 1699 2338 asse-

201 2402 394 2499 queretur
432 2388 726 2496 Principatum.
788 2384 882 2486 Quo
927 2414 1027 2470 sane
1071 2416 1097 2467 a
1113 2463 1117 2467 ,
1135 2386 1228 2468 Deo
1267 2388 1358 2496 ipso
1378 2494 1379 2497 Ν
1397 2388 1700 2496 sapientissime

201 2521 437 2604 consultum
466 2531 539 2620 est,
571 2513 689 2601 utin
718 2528 836 2600 tanta
865 2521 1155 2628 temporalium
1175 2519 1415 2629 Principum
1435 2519 1699 2602 multitudine

201 2684 251 2736 ac
279 2655 476 2737 varietate
507 2652 703 2768 Summus
732 2651 923 2733 Pontifex
952 2652 1023 2733 illa
1052 2653 1252 2735 frueretur
1291 2653 1462 2761 politica
1500 2652 1699 2754 libertate,

203 2784 308 2896 quae
337 2795 553 2895 tantopere
584 2787 815 2868 necessaria
838 2795 901 2867 est
920 2786 974 2867 ad
1004 2786 1259 2894 spiritualem
1289 2815 1407 2867 suam
1437 2797 1699 2894 potestatem,

202 2920 488 3001 auctoritatem
518 2929 559 3000 et
580 2918 911 3032 jurisdictionem
941 2929 1030 3000 toto
1072 2919 1171 3000 orbe
1210 2918 1367 3028 absque
1407 2917 1493 3000 ullo
1523 2920 1727 3029 impedi·

201 3063 343 3134 mento
382 3028 665 3134 exercendam.
727 3050 866 3159 Atque
904 3052 963 3132 ita
1002 3050 1125 3160 plane
1167 3049 1360 3151 decebat,
1401 3080 1454 3132 ne
1495 3052 1699 3135 catholico

205 3182 294 3266 orbi
323 3183 409 3265 ulla
439 3185 612 3265 oriretur
642 3185 803 3265 occasio
834 3183 1062 3285 dubitandi,
1093 3185 1274 3293 impulsu
1314 3184 1487 3268 fortasse
1518 3185 1700 3271 civilium
1827 3227 1834 3240 1

203 3327 467 3425 potestatum,
498 3317 565 3399 vel
594 3317 773 3426 partium
804 3316 940 3398 studio
971 3317 1066 3398 duci
1081 3340 1082 3343 ‘
1096 3318 1347 3430 quandoque
1381 3345 1504 3426 posse
1533 3320 1700 3425 11111111-

202 3449 350 3532 versali
379 3449 668 3558 procuratione
698 3446 881 3558 gerenda
918 3445 1068 3530 Sedem
1107 3448 1232 3548 illam,
1272 3448 1327 3556 ad
1367 3476 1493 3557 quam
1532 3463 1702 3558 propter

202 3584 407 3691 potiorem
436 3581 781 3690 principalitatem
811 3608 978 3664 necesse
1009 3591 1072 3663 est
1101 3609 1269 3661 omnem
1289 3581 1520 3662 Ecclesiam
1548 3611 1702 3664 conve·
1752 3661 1754 3665 ,

201 3716 326 3798 nire.“
346 3711 380 3796 4)
412 3712 603 3822 Cumque
633 3713 830 3795 luctuosis
860 3712 972 3794 hisce
1002 3712 1258 3822 temporibus
1281 3712 1533 3795 infestissimi
1554 3713 1712 3796 Eccle-v

203 3830 287 3929 siae
317 3846 544 3934 catholicae
575 3856 617 3960 et
647 3843 765 3927 Sedis
795 3844 1062 3953 Apostolicae
1093 3875 1233 3930 osores
1272 3846 1520 3955 proculcatis
1550 3847 1700 3931 divinis

200 3979 475 4087 humanisque
497 3977 661 4087 juribus
690 3978 799 4060 hanc
829 3978 963 4085 ipsam
995 3973 1146 4061 Sedem
1183 3979 1292 4060 civili
1331 3979 1570 4089 Principatu
1600 4010 1699 4090 spo·

200 4112 298 4194 liare
328 4113 516 4220 nequiter
544 4112 745 4194 auserint:
792 4109 971 4192 nefanda
1001 4140 1144 4192 eorum
1183 4111 1367 4193 facinora
1405 4113 1699 4222 improbantes,
1740 4140 1744 4147 ·

201 4271 506 4354 quamcumque
546 4242 676 4325 civilis
716 4245 932 4351 potestatis
971 4272 1021 4325 ac
1050 4246 1250 4329 terrestris
1281 4244 1465 4347 dominii,
1497 4274 1579 4354 quo
1611 4247 1699 4330 Ro·

199 4365 349 4460 manus
370 4375 576 4459 ¹Pontifex
616 4378 781 4485 potitur,
823 4376 1048 4459 laesionem
1088 4406 1174 4459 non
1205 4388 1366 4459 tanturn
1404 4408 1480 4460 ceu
1510 4366 1699 4488 rapinam

199 4522 241 4592 et
269 4510 538 4598 violationem
569 4510 784 4592 certissimi
800 4541 803 4547 ’
806 4511 912 4618 juris
943 4510 1131 4610 humani,
1169 4510 1399 4594 sedetiam
1429 4539 1505 4592 ceu
1534 4513 1700 4593 sacrile-

199 4671 298 4754 gam
330 4644 437 4753 juris
467 4645 572 4726 sacri
601 4643 912 4750 usurpationem
949 4643 1224 4742 detestamur,
1243 4643 1298 4725 ob
1329 4663 1455 4751 quam
1486 4645 1528 4725 in
1561 4656 1700 4727 sontes

192 4779 304 4886 juste
335 4778 566 4884 meritoque
594 4776 876 4858 severissimae
893 4776 1206 4886 ‘ecclesiasticae
1244 4804 1405 4885 poenae
1445 4767 1698 4887 infligrmtur.

315 4909 371 4992 Et
400 4911 513 5022 quia,
544 4920 669 5018 prout
694 4907 988 4992 Sanctissimus
1018 4910 1225 4992 Dominus
1256 4921 1397 4991 noster
1426 4911 1515 5018 ipse
1547 4912 1698 5012 docuit,

243 5170 270 5257 ⁴)
293 5166 412 5234 Confer
433 5191 504 5259 sup.
527 5173 579 5234 cit
601 5170 663 5238 tit.
684 5169 799 5258 Apost.
823 5171 862 5236 de
886 5171 939 5237 die
962 5172 1012 5237 26.
1032 5151 1130 5237 Mart.
1143 5166 1248 5236 Ι1860.
1398 5270 1436 5333 7*
