3960 5956
217 307 220 313 '
303 303 323 368 6

303 505 459 589 dimus:
497 535 547 589 eo
577 508 726 588 certius
769 509 856 590 sine
896 510 1024 592 dubio
1055 512 1321 593 constitutam
1352 495 1584 598 abeodem
1613 511 1798 598 Domino

216 736 220 742 ¹
304 638 589 721 Hierarchiam
619 633 780 721 sacram
810 642 995 750 piissime
1024 671 1266 725 veneremur
1295 655 1468 752 oportet.

293 840 297 848 ·
420 782 877 895 QuoniamPrimatum
898 800 1019 882 Petro
1041 801 1184 882 datum
1200 802 1414 900 credimus,
1451 812 1521 901 „ut
1536 830 1620 882 una
1640 798 1794 883 Christi

303 912 491 1010 Ecclesia
534 941 799 1040 monstretur,
840 944 880 1013 et
920 934 1053 1041 capite
1093 935 1316 1015 constituto
1357 935 1589 1014 schismatis
1627 933 1797 1014 tollatur

305 1064 467 1177 occasio
480 1072 513 1142 :“
530 1061 563 1143 6)
584 1066 809 1146 rectissime
830 1093 925 1146 cum
956 1094 986 1145 s.
1005 1066 1228 1149 Ambrosio
1245 1065 1494 1174 profitemur,
1526 1066 1584 1148 ibi
1604 1093 1692 1146 esse
1713 1064 1795 1145 Ec-

305 1194 484 1295 clesiam,
515 1197 588 1278 ubi
603 1196 746 1278 Petrus
778 1208 850 1279 est.
864 1195 897 1278 l)
930 1197 1188 1281 soliditatem
1209 1199 1318 1279 illius
1331 1229 1332 1232 ‘
1347 1197 1454 1296 fidei,
1485 1199 1655 1306 quaein
1675 1197 1794 1306 Apo-

304 1327 516 1418 stolorum¹
533 1324 723 1438 Principe
752 1329 920 1410 laudata
950 1339 1021 1430 est,
1053 1330 1194 1412 divino
1224 1332 1436 1421 annitente
1464 1329 1670 1439 praesidio
1701 1359 1795 1439 per-

302 1470 470 1567 petuam
510 1487 597 1542 esse
637 1463 865 1565 novimus3·
890 1474 931 1544 et
970 1465 1075 1544 sicut
1113 1456 1345 1572 permanet,
1393 1463 1506 1571 quod
1545 1465 1588 1543 in
1629 1459 1795 1544 Christo

303 1592 447 1676 Petrus
463 1593 654 1675 eredidit:
673 1596 730 1675 ita
754 1605 977 1702 permanet,
1004 1596 1117 1704 quod
1142 1598 1184 1676 in
1201 1596 1321 1677 Petro
1349 1593 1537 1679 Christus
1561 1594 1747 1676 instituit.
1760 1591 1828 1705 8),-

256 1724 260 1734 ’
302 1725 415 1807 Hinc
440 1715 722 1809 beatissimum
747 1728 949 1836 Principis
975 1720 1272 1836 Apostolorum
1300 1728 1530 1827 haeredem,
1551 1725 1796 1808 Pontificem

301 1859 541 1942 Romanum
570 1861 696 1942 totius
730 1861 935 1942 Ecclesiae
966 1858 1113 1968 Caput,
1145 1889 1353 1942 summurn
1384 1859 1536 1943 Christi
1573 1858 1796 1957 Vicarium,

303 1994 490 2074 omnium
505 1991 688 2074 fidelium
705 1994 746 2072 in
765 1993 867 2087 orbe
877 2004 1075 2074 terrarum
1096 1993 1270 2092 Patrem,
1288 2005 1329 2074 et
1343 1992 1629 2101 Apostolicam
1646 1990 1796 2074 Sedem

301 2124 536 2207 Romanam
577 2127 762 2206 omnium
806 2125 1082 2206 Ecclesiamm
1122 2124 1296 2206 Matrem
1336 2127 1601 2234 agnoscimus
1648 2136 1689 2206 et
1712 2151 1801 2204 ¹re-·

302 2285 500 2338 veremur.

301 2439 306 2448 ·
418 2414 707 2498 Vetustissima
755 2416 877 2523 hujus
917 2417 1153 2523 provinciae
1192 2414 1368 2522 templa,
1408 2416 1576 2496 nornine
1615 2441 1647 2497 s.
1696 2414 1794 2499 Cle-

302 2548 451 2629 mentis
482 2547 662 2630 Romani
693 2547 784 2628 Deo
816 2558 986 2644 sacrata,
1015 2546 1185 2656 gloriosi
1215 2546 1418 2654 Martyris,
1450 2575 1574 2657 quern
1612 2547 1668 2629 ab
1703 2550 1795 2657 ipso

303 2709 333 2761 s.
353 2703 357 2708 ’
375 2680 496 2762 Petro
537 2680 783 2780 ordinatum,
825 2680 1007 2787 ejusdem
1038 2681 1081 2760 in
1111 2679 1359 2762 Pontificatu
1387 2708 1487 2761 mox
1516 2706 1795 2763 successorem
1861 2784 1863 2791 y

303 2813 575 2894 clarissimum
612 2841 865 2912 veneramur,
908 2813 1046 2893 vivam
1077 2841 1102 2892 a
1132 2813 1367 2920 primordiis
1396 2814 1600 2921 majorum
1630 2824 1795 2895 nostro-

302 2976 393 3026 rum
434 2948 768 3027 communionem
811 2974 905 3025 cum
936 2943 1088 3047 Sancta
1119 2944 1223 3026 Sede
1254 2945 1445 3028 Romana
1468 2948 1521 3025 in·
1547 2946 1794 3027 hodiernum

249 3079 252 3084 ’
303 3090 504 3161 enarrant.
554 3079 752 3180 ,Quorum
782 3078 1036 3187 praeclaram
1066 3077 1161 3159 fidei
1182 3078 1476 3159 haereditatem
1497 3081 1640 3178 sortiti,
1671 3078 1793 3161 Petro

303 3240 379 3294 nos
410 3241 483 3320 per
512 3215 600 3320 ejus
630 3239 917 3310 successorem,
950 3212 1240 3296 Beatissimunr
1270 3212 1432 3293 Patrem
1464 3210 1585 3299 Pium
1624 3210 1796 3294 Nonum

302 3346 440 3426 unitos
479 3342 755 3453 profiteamur,
796 3345 862 3424 cui
903 3343 1085 3426 debitam
1125 3343 1414 3442 obedientiam,
1455 3346 1724 3427 reverentiam
1754 3354 1796 3427 et

303 3478 606 3590 exactissimam
646 3476 942 3584 subjectionem
983 3475 1315 3559 concordissimis
1354 3478 1462 3558 votis
1501 3477 1792 3585 spondeamus.

303 3608 372 3690 Ad
410 3609 540 3709 Petri,
582 3637 707 3716 quarn
749 3607 845 3688 Pius
887 3607 1167 3706 haereditavit,
1208 3605 1458 3690 Cathedram
1495 3608 1796 3719 confugiamus,

302 3741 413 3823 unde
442 3742 578 3824 unitas
608 3740 872 3836 sacerdotalis
902 3751 1043 3822 exorta
1073 3750 1144 3839 est,
1176 3768 1301 3847 quam
1331 3769 1404 3849 per
1433 3752 1496 3822 tot
1524 3735 1689 3823 saecula
1718 3741 1796 3824 do·

303 3885 420 3956 cente
460 3872 615 3983 Spiritu
664 3875 807 3954 sancto
847 3862 961 3952 nulla
1000 3865 1191 3954 haeresis
1217 3872 1398 3972 violavit,
1413 3874 1541 3983 ,apud
1572 3902 1699 3983 quam
1729 3876 1826 3956 in·-

305 4016 497 4114 corrupta
526 4005 694 4086 Patrum
727 4015 911 4086 servatur
940 4005 1194 4105 haereditas,
1212 4034 1262 4086 ex
1292 4033 1374 4114 qua
1403 4008 1577 4115 proinde
1609 4016 1797 4089 nostrum
1861 4038 1864 4042 *

303 4148 364 4219 est
403 4165 616 4246 quaerere,
658 4137 757 4254 quid
797 4133 1057 4236 credendum,
1083 4139 1198 4246 ‘quid
1239 4138 1498 4220 sentiendum
1528 4149 1569 4220 et
1604 4139 1704 4248 quid
1733 4149 1795 4220 te-

296 4270 485 4351 nendum
517 4270 579 4350 sit.
641 4269 753 4351 Huic
783 4272 853 4378 qui
885 4267 1116 4352 Cathedrae
1138 4271 1339 4380 jungitur,
1370 4280 1508 4352 noster
1539 4281 1610 4352 est.
1623 4269 1657 4351 9)
1905 4356 1908 4360 Λ

419 4402 576 4483 Eadem
607 4413 746 4482 autem
777 4402 1031 4484 orthodoxae
1059 4402 1156 4483 fidei
1186 4414 1227 4484 et
1262 4405 1565 4486 communionis
1599 4434 1694 4485 cum
1714 4404 1796 4486 Ec·
1902 4476 1905 4482 .

350 4709 375 4790 6)
398 4705 532 4771 Confer:
556 4705 588 4770 S.
601 4707 700 4792 Cypr.
717 4705 756 4769 de
773 4707 851 4769 unit.
864 4706 941 4770 Ecc.
957 4743 998 4752 -
1013 4705 1046 4770 S.
1062 4706 1249 4790 Hieronym.
1262 4706 1335 4790 adv„
1350 4704 1511 4770 Jovinian.
1524 4703 1578 4767 lib.
1597 4706 1625 4767 l.
1639 4716 1672 4768 n.
1688 4704 1739 4768 26.
1752 4741 1795 4751 -

349 4813 374 4896 ⁷)
397 4810 532 4877 Confer:
556 4812 589 4878 S.
615 4813 766 4878 Ambros
789 4816 820 4876 in
842 4814 895 4877 Ps.
919 4815 969 4877 40.
991 4836 1022 4877 n.
1044 4813 1096 4876 30.
1122 4815 1147 4899 ⁸)
1169 4813 1303 4877 Confer:
1326 4812 1358 4877 S.
1380 4814 1479 4877 Leon.
1504 4832 1597 4875 serm.
1620 4813 1650 4875 2.
1674 4833 1743 4897 cap.
1766 4811 1796 4875 2.

350 4921 376 5003 ⁹)
400 4918 530 4984 Confer:
554 4920 586 4985 S.
602 4919 699 5006 Cypr.
722 4922 835 5007 epoti.
858 4921 898 4985 ad
922 4920 1047 4986 Cornel.
1069 4959 1110 4967 -
1125 4921 1222 4986 Leon.
1245 4921 1289 4984 M.
1312 4943 1405 4985 serm.
1428 4920 1457 4983 2.
1473 4928 1505 4982 et
1524 4919 1554 4982 4.
1568 4956 1611 4966 -
1626 4918 1658 4983 S.
1682 4918 1795 5004 Cyrill.

397 5026 493 5091 Alex.
523 5027 608 5090 Dial.
638 5028 678 5091 de
705 5029 793 5093 Trin.
815 5028 870 5091 lib.
898 5029 927 5095 4.
957 5027 999 5092 sd
1026 5028 1127 5092 verba
1158 5027 1262 5092 Petri:
1291 5027 1340 5092 Tu
1362 5050 1399 5091 es
1420 5024 1576 5092 Christus.
1597 5065 1639 5075 —
1661 5028 1694 5093 S.
1718 5028 1796 5091 Hie·

395 5157 519 5220 ronym.
541 5137 635 5222 epist.
656 5136 698 5200 ad
719 5136 850 5201 Damas.
876 5136 923 5199 15.
947 5158 1033 5200 num.
1055 5136 1085 5200 2.
1108 5146 1140 5200 et
1162 5137 1211 5201 16.
1233 5158 1319 5200 num.
1342 5137 1371 5200 2.
