3960 5956
291 334 333 402 24

293 540 522 623 sensionem
543 541 708 640 dantes,
740 541 876 624 lusum
904 567 1037 648 neque
1057 542 1180 621 nimis
1200 540 1493 648 protraxerint,
1523 568 1658 648 neque
1687 540 1792 622 lucri

296 660 513 782 cupiditati
544 673 798 756 indulserint.
859 673 1070 756 Modicmn
1102 672 1215 781 quod
1258 672 1424 754 modico
1472 672 1581 754 lusui
1629 672 1791 755 lucrum

294 808 499 916 jungitur,
545 808 604 914 pii
642 805 785 889 fratres
825 807 1074 915 quandoque
1114 805 1363 916 pauperibus
1403 805 1607 887 destinare
1647 806 1790 903 solent,

294 950 341 1020 ut
370 940 437 1022 vel
468 941 559 1047 ipsa
587 941 737 1020 mentis
767 941 963 1021 relaxatio
994 965 1099 1047 opus
1129 938 1286 1021 bonum
1317 937 1398 1019 dici
1429 948 1642 1020 mereatur.

412 1071 664 1154 Venationes
684 1071 847 1154 illicitas
870 1101 945 1181 pro
967 1063 1103 1152 officio
1125 1081 1265 1153 nostro
1286 1071 1562 1180 reprobantes,
1586 1082 1790 1179 optamus,

296 1217 341 1286 ut
362 1203 529 1288 Clerici
540 1207 662 1313 hujus
682 1208 919 1314 provinciae
939 1204 1104 1286 laudern
1125 1205 1264 1312 potius
1287 1207 1417 1287 sancti
1439 1201 1513 1312 Caj
1517 1206 1633 1287 etani
1647 1233 1790 1286 aemu-

298 1338 452 1434 lentur,
493 1339 563 1445 qui
594 1341 875 1445 proximorum
916 1336 1037 1418 saluti
1077 1337 1240 1418 assidue
1260 1337 1533 1436 incumbens
1574 1340 1790 1510 propterea

305 1480 502 1569 ,venator
531 1471 786 1585 animamm“
821 1471 906 1552 dict
889 1479 955 1550 tus
985 1481 1057 1550 est

190 1700 193 1706 ,
287 1673 302 1730 .·
415 1617 584 1717 Clerici
626 1647 729 1728 quos
760 1629 926 1727 propter
956 1588 1166 1701 Christum
1197 1619 1477 1728 spectaculum
1512 1618 1599 1701 fieri
1630 1630 1792 1728 oportet

296 1752 452 1833 mundo
484 1765 524 1832 et
551 1752 723 1860 Angelis
753 1763 794 1832 et
813 1753 1071 1860 hominibus,
1102 1754 1281 1834 maxime
1312 1753 1463 1834 debent
1492 1782 1518 1833 a
1546 1753 1792 1861 'spectaculis

296 1885 511 1983 abstinere,
543 1913 649 1993 quae
671 1882 808 1966 Christ
793 1896 880 1965 tum
906 1914 991 1967 non
1013 1887 1188 1993 sapiunt.
1161 1883 1262 1968 tlll
1308 1885 1362 1967 Pr
1363 1885 1580 1968 ohrbemus
1606 1885 1790 1993 proinde,

213 2045 215 2048 ’
296 2046 348 2100 ne
378 2017 498 2098 ludos
530 2019 713 2099 scenicos
744 2018 876 2127 aliave
905 2017 1140 2125 spectacula
1169 2017 1342 2126 profana
1361 2018 1639 2127 frequentent,
1670 2047 1790 2128 prae-

297 2152 437 2266 sertim
461 2160 600 2231 autem
622 2121 875 2233 severissime
896 2147 1196 2250 interdicimus,
1228 2180 1279 2232 ne
1301 2179 1581 2261 quascumque
1611 2181 1682 2234 seu
1712 2181 1791 2260 pu·

296 2283 446 2383 blicas,
478 2310 548 2363 sen
581 2284 622 2364 in
653 2283 824 2364 aedibus
855 2285 1024 2390 privatis
1055 2283 1224 2367 choreas
1254 2295 1398 2393 agant,
1435 2287 1477 2364 in
1509 2285 1792 2368 inobedientes

294 2420 403 2527 justo
444 2417 578 2525 rigore
600 2417 953 2497 animadversus.
1015 2415 1292 2498 Primitiarum
1332 2414 1651 2525 Neopresbyteri
1692 2445 1791 2526 pro·
1868 2448 1871 2453 ·

296 2550 549 2632 fanationem
581 2578 653 2656 per
684 2549 873 2647 choreas,
905 2549 1055 2657 quibus
1085 2549 1268 2657 hospites
1294 2549 1486 2630 delectari
1516 2549 1599 2632 fors
1630 2549 1791 2632 deside-

249 2731 252 2736 ·
296 2695 414 2778 rant,
456 2710 530 2762 ceu
561 2684 786 2789 pessimum
816 2681 992 2762 abusum
1023 2682 1303 2773 damnamus,
1330 2695 1371 2763 et
1391 2681 1540 2763 sicubi
1576 2683 1791 2791 inepscrit,

296 2816 485 2922 protinus
516 2812 743 2895 tollendum
775 2815 1061 2922 praecipimus.
1116 2814 1118 2819 ’
1245 2793 1247 2797 ⁷

413 3016 457 3092 4.·
485 3011 605 3093 Vitae
626 3011 889 3092 sacerdotalis
920 3012 1113 3093 honestas
1139 3013 1320 3120 postulat
1351 3039 1536 3121 quoque,
1567 3023 1613 3093 ut
1642 3011 1791 3093 domus

297 3145 552 3228 Clericorum
582 3155 671 3225 tum
703 3144 840 3253 quoad
862 3144 1048 3225 ordinem
1079 3159 1119 3226 et
1140 3145 1394 3245 munditiem,
1426 3157 1515 3225 tum
1545 3130 1684 3253 quoad
1714 3144 1791 3225 do-

296 3282 559 3363 mesticorum
591 3280 785 3387 pictatem
816 3292 856 3360 et
886 3279 1131 3360 modestiam
1162 3280 1402 3381 emineant
1449 3276 1667 3408 hlonemus
1712 3278 1791 3357 ita-

208 3425 209 3428 ‘
297 3441 376 3522 que
407 3414 517 3493 viros
537 3412 855 3510 ecclesiasticos,
886 3424 932 3491 ut
961 3413 1004 3491 in
1025 3408 1196 3492 aedibus
1227 3421 1267 3492 et
1286 3408 1533 3491 habitaculis
1563 3411 1647 3491 suis'
1668 3412 1792 3491 mu'n-

297 3546 420 3647 ditiae
461 3558 501 3628 et
531 3545 772 3653 disciplinae
811 3544 988 3695 rigorem
1018 3542 1275 3653 resplendere
1314 3542 1478 3623 faciant.
1540 3539 1792 3651 Supellectili

220 3707 223 3711 ·
296 3689 463 3761 utantur
482 3679 643 3759 modest
627 3690 680 3775 t,a
711 3678 903 3759 tastum
893 3707 933 3758 rn
955 3689 1156 3785 apparatu
1183 3675 1430 3757 saecularem
1463 3700 1593 3783 aeque
1623 3703 1672 3755 ao
1702 3682 1790 3755 so‘r·

297 3811 525 3915 ditudinem
557 3811 832 3892 abhorrentes
923 3824 941 3850 ¹

414 3941 533 4031 Cum,
566 3945 635 4050 qui
657 3971 823 4024 suorum
846 3944 1024 4023 maxime
1045 3942 1363 4034 domesticorum
1386 3966 1526 4020 curam
1547 3969 1632 4021 non
1653 3937 1789 4039 habet,

297 4075 453 4191 infideli
485 4074 661 4157 deterior
701 4063 772 4155 sit:
813 4075 981 4155 videant
1011 4073 1261 4172 sacerdotes,
1303 4075 1372 4182 qui
1414 4073 1555 4180 domui
1586 4058 1819 4181 praesunt,x

212 4301 215 4307 ,
296 4222 342 4290 ut
373 4209 587 4291 domestici
608 4208 854 4289 famrdantes
876 4207 1116 4314 quotidiana
1142 4207 1387 4287 christianae
1417 4205 1580 4314 pietatis
1601 4205 1793 4286 exercitia

137 4339 141 4346 ’
213 4439 231 4463 .
296 4356 385 4424 tum
417 4343 590 4451 singuli,
621 4354 708 4422 turn
731 4343 874 4421 sociati
900 4340 1053 4422 fervide
1075 4349 1294 4449 peragant,
1326 4338 1452 4419 culmi
1484 4338 1624 4419 divino
1646 4337 1793 4420 devote

297 4477 505 4571 intersint,
547 4489 587 4555 et
618 4473 975 4556 Sacrarnentorum
1013 4472 1216 4581 praesidio
1253 4472 1504 4580 frequentius
1544 4470 1792 4569 muniantur,

298 4636 381 4716 quo
413 4609 560 4688 certius
591 4621 740 4687 cuncto
771 4608 990 4715 parochiae
1025 4606 1091 4687 vel
1114 4606 1205 4712 loci
1237 4603 1439 4685 famulitio
1469 4605 1578 4684 vitae
1608 4624 1793 4685 morum-

297 4768 378 4849 que
408 4741 641 4848 integritate
672 4740 945 4849 praeluceant.
979 4738 1182 4835 Famulis,
1221 4767 1273 4818 ne
1302 4738 1493 4819 tabernas
1522 4735 1790 4844 frequentent,

298 4869 457 4952 ancillis
478 4873 728 4979 pracsertim,
759 4901 811 4953 ne
832 4870 1001 4952 choreas
1026 4882 1163 4978 agant,
1194 4880 1370 4951 rectores
1401 4870 1561 4957 domus,
1593 4879 1792 4977 quantum

347 5167 384 5250 ¹¹)
407 5166 511 5230 Cone..
530 5170 677 5252 provinc.
703 5168 880 5231 Benevent.
903 5166 996 5247 Xlll.
1018 5164 1081 5228 Tit.
1103 5164 1153 5227 27.
1179 5163 1226 5226 14.
