3960 5956
271 315 303 379 11

271 521 367 596 etque
398 511 443 573 ad
474 527 611 573 vesanae
643 505 881 570 incredulitatis
911 515 1032 588 pestem
1063 509 1343 591 prostipondnm,“
1367 508 1482 591 juncto
1514 510 1767 594 comprovincia-

272 617 349 684 lium
381 617 614 703 Episcoporum
649 614 754 679 studio
787 634 826 678 ac
859 612 985 678 fervore
1017 622 1258 700 proponantur,
1291 616 1371 680 tusis
1402 616 1445 679 ad
1479 616 1584 680 Deum
1616 620 1768 705 precibus

273 724 507 805 deliberentur,
537 730 569 786 et
597 720 775 786 deliberata
804 741 953 807 supremo
983 719 1169 786 Sanctitatis
1191 721 1329 786 Vestrae
1346 722 1470 807 judicio
1496 722 1670 790 humillime
1693 728 1767 793 sub·

270 834 435 919 jiciantur.
1460 892 1462 897 .

386 939 440 1005 Ad
472 942 525 1026 pie
562 938 796 1024 auspicandum
833 945 897 1000 tam
920 957 1030 1021 grave,
1068 945 1197 1023 tamque
1233 938 1369 1003 arduum
1406 943 1568 1025 negotium
1609 945 1768 1029 Apostoli·

273 1072 345 1117 carn
377 1048 563 1116 Sanctitatis
586 1046 723 1111 Vestrae
752 1044 1009 1109 benedictionem
1039 1045 1244 1110 devotissime
1281 1049 1455 1132 petiturus,
1488 1057 1524 1112 ut
1544 1071 1597 1113 res
1620 1053 1768 1137 agendae

274 1156 414 1223 stabilito
437 1176 600 1220 sacrorum
622 1153 790 1218 (lenonum
812 1156 914 1217 tenori
936 1161 968 1216 et
990 1153 1180 1240 disciplinae
1209 1155 1449 1219 ecclesiasticae
1472 1177 1630 1244 nusquam
1653 1158 1768 1225 adver·

274 1273 401 1347 sentur,
431 1263 616 1327 Metbodrnn
638 1265 736 1327 totino
759 1255 916 1336 ‚meinata
950 1261 993 1326 ad
1024 1282 1168 1327 normam
1196 1244 1449 1347 anremonialis
1476 1263 1708 1352 Episcoporum
1738 1277 1770 1332 et

274 1370 471 1438 Pontificalis
493 1370 628 1435 Romani
652 1368 855 1451 delineatam,
878 1369 1023 1434 consulta
1045 1389 1173 1456 quoque
1202 1371 1402 1455 potissimrun
1433 1372 1580 1456 synodali
1603 1373 1770 1440 Ecclesiae

274 1481 524 1546 Beneventanae
546 1480 640 1563 praxi
662 1498 721 1561 per
742 1476 1037 1541 Eminentissimunr
1057 1476 1263 1543 Vincentium
1279 1477 1415 1541 Mariam
1430 1479 1634 1544 (jardinalem
1651 1480 1770 1568 Ursini,

274 1596 386 1676 postea
409 1586 574 1652 Summum
597 1584 802 1664 Pontificem,
837 1582 939 1647 felicis
966 1584 1197 1648 recordationis
1230 1585 1441 1651 Benedictum
1464 1585 1557 1652 XIII.
1579 1590 1771 1675 introducta,

275 1718 335 1762 nec
365 1718 429 1760 non
457 1694 635 1759 Elenclnnn
660 1693 840 1776 penerclem
870 1695 1132 1768 tractandorum,
1166 1710 1292 1757 summa
1321 1715 1385 1780 qua
1415 1694 1509 1759 decet
1537 1699 1719 1762 reverentia
1740 1707 1773 1763 et

276 1803 489 1870 submissione
504 1801 730 1888 providissimo
746 1800 931 1864 Sanctitatis
947 1799 1084 1864 Vestrae
1101 1801 1225 1885 judicio
1248 1823 1287 1865 ac
1302 1822 1459 1866 censurae
1474 1803 1655 1887 substerno,
1677 1809 1772 1872 enixe

275 1932 404 1997 rogans,
426 1919 462 1973 ut
484 1906 659 1973 humillime
682 1909 855 1994 proposita,
884 1915 978 1992 prout
1000 1910 1031 1970 in
1056 1907 1194 1971 Domino
1221 1907 1400 1973 consultum
1430 1910 1609 1994 videbitur,
1638 1921 1773 1998 paterno

276 2020 387 2085 favore
409 2020 571 2102 corrigere
592 2024 690 2102 atque
712 2013 924 2080 imbecillitati
945 2036 1036 2078 meae
1059 2017 1091 2078 in
1113 2023 1203 2079 tanto
1235 2019 1373 2101 negotio,
1400 2018 1558 2102 impigrae
1590 2022 1772 2087 executioni

276 2126 471 2206 mandando,
494 2123 650 2190 benevole
673 2144 862 2188 succurrere
885 2122 1045 2208 dignetur.

376 2233 508 2298 Interim
529 2254 597 2297 rem
620 2252 745 2296 omnem
768 2231 908 2296 assiduis
931 2232 1000 2297 Deo
1023 2231 1176 2318 precibus
1198 2231 1489 2314 commendaturus,
1513 2233 1622 2298 debita
1644 2257 1772 2324 quoque

276 2352 353 2410 vota
373 2341 566 2428 persolvam,
588 2348 624 2405 ut
645 2339 688 2405 ad
709 2339 877 2405 Ecclesiae
901 2360 978 2404 suae
1001 2338 1145 2405 solamen
1167 2360 1206 2405 ac
1228 2338 1360 2405 tutelam
1389 2339 1600 2408 Sanctitatem
1622 2343 1772 2410 Vestram

279 2451 456 2517 diutissime
478 2457 587 2513 servet
607 2444 809 2530 incolumem,
830 2447 873 2513 ad
895 2449 988 2532 cujus
1010 2446 1128 2513 Sedem
1154 2447 1374 2534 Apostolicam
1397 2449 1584 2533 provolutus
1607 2462 1773 2538 paternam

278 2557 535 2623 benedictionem
561 2578 619 2642 pro
649 2555 854 2641 suscipiendo
883 2574 996 2642 opere,
1026 2556 1184 2642 simulque
1216 2557 1339 2640 gratias
1361 2557 1518 2642 quasdam
1541 2560 1710 2645 speciales,
1732 2562 1774 2626 ad

278 2666 438 2733 servorem
460 2661 546 2728 Cleri
569 2662 742 2749 populique
766 2664 827 2729 hac
849 2665 1018 2727 occasione
1041 2664 1249 2728 excitandum
1271 2663 1477 2730 devotissime
1499 2686 1608 2730 exoro.

1119 2796 1369 2894 Sanctitatis
1398 2796 1577 2862 Vestras

281 2895 443 3016 Pragae
487 2927 539 2992 die
561 2929 612 2994 21.
635 2928 757 3014 Aprilis
781 2929 870 2992 1859.

977 3059 1173 3126 hmnillimus
1195 3060 1422 3126 devotissimus
1444 3060 1726 3132 obedientissimus

950 3295 952 3298 v
1018 3186 1194 3269 tttlcrion
1219 3185 1390 3268 tnttnb
1415 3186 1695 3295 tetransiton,

1132 3314 1368 3374 sermonumve·
1385 3316 1538 3373 mensis.

832 3576 1071 3641 Beatissime
1093 3575 1230 3640 Pater!

298 3780 301 3785 ’
382 3763 429 3828 Eo
452 3762 522 3846 ipso
544 3767 696 3844 tempore,
720 3780 782 3844 quo
805 3757 1087 3822 Eminentissimus
1109 3756 1141 3822 S.
1158 3748 1426 3842 congregationis
1441 3756 1576 3824 Consilii
1591 3759 1780 3827 Praefectus

281 3869 466 3942 Cardinalis
487 3868 633 3952 Cegiano
655 3866 756 3931 literis
778 3867 830 3930 die
853 3865 902 3930 28.
925 3865 1004 3948 Maji
1027 3868 1102 3928 anni
1136 3864 1217 3952 lapsi
1240 3865 1325 3929 datis
1346 3855 1577 3931 faustissimum
1600 3869 1679 3933 mihi
1700 3891 1779 3934 nun-

282 3985 362 4048 tium
383 3975 501 4058 retulit,
524 3974 609 4060 quod
630 3972 792 4039 Sanctitas
815 3973 933 4037 Vestra
954 3972 1122 4037 eonsilium
1144 3994 1261 4057 meum,
1283 3972 1470 4039 celebrandi
1502 3974 1653 4055 videlicet
1678 3975 1780 4061 Syno‘

284 4090 360 4155 dum
390 4081 629 4172 provincialem,
655 4081 732 4145 Sedi
753 4079 960 4165 Apostolicae
983 4080 1199 4146 devotissimis
1220 4080 1322 4145 literis
1343 4081 1424 4145 meis
1447 4078 1489 4147 de'
1510 4081 1564 4147 die
1586 4083 1635 4147 21.
1658 4083 1780 4170 Aprilis

285 4196 366 4263 1859
387 4191 583 4282 patefactum
605 4188 851 4254 clementissime
866 4186 1063 4273 probaverit,
1084 4188 1201 4254 nefasti
1216 4187 1292 4253 belli
1308 4198 1565 4277 supervenerunt
1579 4190 1782 4256 calamitates

285 4313 318 4371 et
346 4301 537 4368 seditionum
570 4296 730 4383 pericula,
763 4317 846 4383 quae
881 4317 979 4383 quum
1012 4305 1045 4360 et
1066 4297 1196 4362 Clemm
1229 4307 1261 4361 et
1283 4288 1436 4384 populum
1465 4297 1595 4383 Imperii
1618 4300 1781 4364 Austriaci

285 4410 512 4477 funestissimis
540 4407 694 4491 auspiciis
723 4408 978 4489 exagitaverint,
1011 4408 1268 4492 prorogationem
1297 4405 1434 4491 praeisti
1475 4405 1613 4470 Concilii
1646 4409 1678 4470 in
1712 4407 1781 4471 dies

285 4517 473 4584 tractandae
496 4517 542 4578 rei
565 4522 630 4576 tam
653 4515 744 4597 gravi
768 4515 873 4598 magis
895 4515 1042 4578 faventes
1072 4512 1253 4579 suadebant
1274 4512 1373 4597 adeo,
1401 4522 1438 4577 ut
1459 4512 1584 4578 collatis
1606 4513 1782 4600 Episcopo·

286 4648 355 4693 rrum
378 4619 695 4711 comprovincialium
711 4620 852 4685 consiliis
867 4620 1033 4706 Synodum
1055 4624 1088 4684 in
1110 4622 1195 4687 hunc
1210 4642 1328 4686 annum
1345 4620 1556 4686 differendam
1573 4621 1783 4685 decreverim·

396 4730 469 4797 Bon·
495 4730 546 4794 his
575 4750 701 4815 quoque
731 4727 847 4793 diebus
876 4728 1049 4794 admodum
1078 4728 1272 4795 turbulentis
1300 4750 1364 4794 non
1403 4749 1510 4815 pauca
1538 4728 1681 4793 timenda
1709 4730 1783 4807 sint,

287 4861 370 4928 quae
394 4836 640 4924 congregandos
655 4837 697 4902 ad
715 4836 881 4922 Synodum
897 4839 1031 4901 anxiare
1046 4836 1282 4922 quodammodo
1298 4836 1465 4902 videntur:
1493 4836 1699 4901 nibilominus
1711 4833 1782 4897 Deo

197 4942 201 4947 ’
287 4948 392 5014 fidens
423 4944 586 5033 publicato
619 4943 671 5009 die
705 4944 754 5014 15.
778 4945 873 5029 hujus
895 4947 1015 5010 mensis
1037 4946 1277 5011 convocationis
1310 4942 1426 5009 Edicto
1447 4942 1626 5008 Concilium
1655 4943 1783 5028 provin-

288 5058 358 5121 ciae
380 5055 527 5141 proximo
550 5052 632 5117 festo
654 5052 704 5118 Ss.
727 5052 874 5118 Nominis
895 5051 1030 5137 Mariae,
1052 5055 1085 5117 in
1107 5051 1193 5118 diem
1214 5052 1245 5116 9.
1267 5053 1388 5116 mensis
1400 5049 1601 5136 Septembris
1622 5049 1785 5115 incidente

284 5163 322 5231 iu
343 5163 470 5229 nornine
494 5161 624 5225 Domini
645 5160 865 5249 aperiendum,
893 5159 1041 5226 omnibus
1063 5168 1096 5227 et
1120 5158 1265 5245 singulis,
1294 5158 1337 5224 ad
1359 5178 1440 5247 quos
1462 5164 1597 5247 spectat,
1628 5159 1786 5233 sandari.
