3960 5956
1669 312 1728 377 107

235 512 401 594 trionali
440 511 594 594 auxilia
632 513 787 604 ferunt,
827 511 906 596 sub
944 522 1112 595 sanctae
1139 513 1323 616 ¹Domini
1361 514 1490 597 nostri
1533 512 1729 597 infantiae

234 643 354 726 titulo
394 655 672 753 congregatae
716 647 912 753 expositis
950 673 977 726 a
1016 644 1258 735 Sinensibus
1297 644 1510 729 infantilis
1550 648 1728 756 gratiam

234 774 431 884 baptismi
466 785 507 856 et
536 774 792 859 educationis
822 778 1067 860 christianae
1098 778 1343 861 beneficium
1383 789 1616 888 procurant,
1655 778 1727 859 de-

234 908 359 1015 nique
408 906 486 990 sub
530 909 760 1016 patrocinio
810 938 842 993 s.
892 909 1115 1012 Bonisacii,
1155 939 1233 993 nec
1267 916 1357 994 'non
1406 938 1458 994 ss.
1502 909 1648 1020 Oyrilli
1687 922 1729 993 et

130 1103 136 1116 .
235 1026 438 1123 Methodii
475 1039 756 1148 spiritualibus
794 1042 978 1125 fidelium
1018 1045 1171 1153 partim
1204 1044 1315 1124 inter
1354 1043 1590 1143 haereticos,
1629 1071 1727 1152 par·

233 1171 310 1253 tim
363 1173 469 1254 inter
523 1172 808 1256 schismaticos
858 1174 1098 1284 degentium
1153 1174 1465 1271 necessitatibus
1509 1175 1727 1258 subvenire

234 1311 439 1413 nugrmt.

832 1611 1025 1697 CAPUT
1055 1612 1152 1696 ΧΠ.

515 1851 586 1931 De
615 1849 1031 1932 Benedictionibus
1061 1788 1115 1933 et*
1137 1849 1438 1932 Exorcismis.

352 2081 387 2156 1.
419 2074 577 2159 Omnis.
597 2076 765 2185 quidem
786 2087 972 2158 creatura
992 2075 1072 2159 Dei
1101 2076 1213 2159 bona
1233 2084 1305 2176 est,
1336 2085 1378 2158 et
1406 2074 1509 2156 nihil
1538 2076 1724 2185 rejicien-

232 2206 342 2308 dum,
374 2208 487 2317 quod
517 2237 613 2290 oum
642 2210 870 2319 gratiarum
899 2210 1061 2291 actione
1090 2208 1323 2317 percipitur.
1384 2206 1443 2288 Ut
1471 2218 1611 2289 autem
1640 2219 1723 2290 ter-

232 2369 301 2422 rae
330 2341 453 2450 hujus
483 2340 593 2423 dona
621 2341 804 2451 piissime
834 2341 887 2424 ad
919 2341 1057 2423 Deum
1086 2341 1322 2451 largitorem
1353 2338 1588 2440 referantur,
1629 2352 1670 2422 et
1699 2369 1725 2421 a

231 2474 389 2582 pocomi
433 2473 723 2556 maledictione
769 2473 898 2557 libera
943 2470 997 2556 ad
1044 2474 1173 2555 vitam
1217 2484 1427 2554 aeternam
1466 2470 1722 2572 fiuctificent,

230 2602 538 2688 sanctificantur
567 2635 641 2715 per
670 2605 843 2688 verbum
873 2605 952 2687 Dei
983 2615 1024 2689 et
1061 2607 1301 2688 orationem.
1315 2601 1347 2685 1)
1408 2603 1520 2713 Hine
1550 2606 1722 2687 omnino

231 2737 357 2837 decet,
388 2749 434 2819 ut
463 2767 527 2820 res
556 2738 807 2847 praesertim,
840 2767 945 2846 quae
975 2767 1092 2821 sacro
1122 2738 1348 2820 ministerio
1363 2750 1369 2758 '
1387 2738 1626 2837 inserviunt,
1667 2737 1721 2820 ab

232 2870 345 2952 omni
372 2854 451 2952 usu
481 2871 656 2980 profano
687 2872 987 2972 removeantur,
1018 2871 1143 2953 etad
1172 2870 1303 2952 sancti
1334 2871 1469 2978 operis
1495 2868 1722 2951 efficaciam

231 3001 430 3103 dedicata,
461 3004 625 3099 virtute
640 3003 879 3085 meritorum
910 3001 1063 3086 Christi
1100 3001 1380 3085 nobilitentur.
1441 3002 1543 3084 lnde
1583 3029 1722 3084 sacrae

230 3132 527 3217 benedictionis
558 3146 599 3218 et
619 3135 937 3218 consecrationis
968 3164 1089 3218 usum
1118 3165 1145 3216 a
1165 3134 1306 3216 divino
1332 3134 1532 3247 Magistro
1563 3133 1721 3235 edocta,

229 3248 347 3348 nihil
361 3295 545 3376 uuquam
576 3269 715 3351 omisit
744 3267 941 3368 Ecclesia,
972 3278 1018 3349 ut
1047 3268 1172 3349 etiam
1211 3295 1285 3376 per
1323 3267 1562 3377 hujusmodi
1599 3294 1719 3348 sanc-

228 3395 464 3483 tificationis
503 3402 697 3499 virtutem
743 3411 784 3482 et
827 3401 951 3482 ritum
995 3410 1154 3482 mentes
1198 3398 1382 3480 fidelium
1427 3398 1483 3480 ad
1527 3399 1720 3480 caelestia

228 3531 410 3643 erigeret.

96 3708 100 3716 ’
346 3678 485 3780 Quum
513 3691 698 3791 potestas
730 3680 1000 3765 benedicendi
1040 3680 1321 3764 sacerdotibus
1352 3660 1520 3788 quidem
1550 3707 1719 3787 compe-

228 3821 299 3914 tat,
329 3814 555 3897 nonnullas
582 3840 681 3896 vero
701 3814 1027 3913 Benedictiones,
1059 3824 1100 3895 et
1119 3814 1357 3924 praesertim
1379 3809 1720 3895 Consecrationes

226 3944 281 4028 ad
310 3947 561 4056 superiorem
592 3945 802 4030 Ecclesiae
832 3943 1031 4028 Ordinem
1070 3955 1276 4056 spectent:
1317 3944 1551 4046 sacerdotes
1589 3943 1720 4053 probe
1861 3999 1863 4003 «

227 4076 470 4179 discernant,
502 4107 677 4187 quarum
707 4078 1041 4162 benedictionum
1072 4080 1144 4188 jus
1183 4077 1237 4161 ad
1275 4078 1389 4187 ipsos
1427 4077 1639 4186 pertineat,
1679 4088 1721 4159 et

227 4210 360 4320 qualis
388 4210 443 4293 ad
472 4211 576 4294 alias
604 4208 914 4295 benedictiones
953 4209 1161 4291 faciendas
1184 4192 1418 4317 'peculiaris
1457 4209 1719 4318 potissimum

225 4341 424 4451 Episcopi
455 4341 630 4425 facultas
658 4342 900 4450 requiratur,
930 4370 983 4424 ne
1004 4342 1104 4423 dum
1126 4342 1350 4424 ministerio
1371 4340 1581 4423 Ecclesiae
1600 4339 1718 4451 fungi

225 4475 452 4573 censentur,
484 4472 535 4554 de
565 4474 710 4582 rapina
741 4473 916 4556 offerant
944 4474 1244 4557 holocaustum.
1275 4472 1502 4555 Facultatis
1524 4473 1717 4555 obtentae

225 4605 405 4689 ambitus
435 4616 476 4687 et
503 4615 622 4688 tenor
652 4605 906 4689 strictissime
935 4606 1185 4689 observetur.
1246 4605 1384 4713 Hujus
1404 4603 1559 4688 altioris
1589 4632 1716 4714 gene-

223 4739 280 4821 ris
318 4738 632 4821 Benedictiones
668 4740 911 4848 plerumque
948 4747 1054 4840 sunt,
1086 4766 1191 4847 quae
1230 4739 1386 4846 passim
1425 4738 1716 4821 constitutivae

200 5110 208 5118 ¹
269 5015 295 5100 1)
318 5018 346 5081 1.
371 5014 620 5082 naar-5.
1416 5110 1475 5174 n*
