3960 5956
213 272 322 383 >aa

278 532 468 602 aeternae
497 518 692 600 veritatis.
708 517 871 602 tramite
901 498 1110 606 aberrent:
1158 545 1206 598 eo
1247 516 1403 600 fortiori
1441 525 1580 598 mente
1609 528 1776 600 sanctae

277 652 400 742 Matri
445 651 654 733 Ecclesiae
699 680 779 733 ceu
819 649 1037 732 columnae
1071 649 1263 730 -vcritatis
1308 650 1560 731 adhaereant
1593 654 1773 758 'oportet

198 813 201 820 ⁴
278 784 376 893 Ipsa
414 786 525 864 enim
563 795 642 884 cst,
675 789 781 892 quae
810 811 837 862 a
865 782 958 863 Deo
989 793 1031 863 et
1060 778 1225 884 Christo
1265 783 1548 892 magisterium
1587 783 1777 865 salutaris
1915 780 1921 784 “

278 915 488 998 doctrinae
527 927 655 1015 tenet,
696 916 860 997 divitias
890 899 1086 1027 coelestis
1106 915 1367 1008 revelationis
1396 925 1609 1023 tamquam
1640 943 1775 1022 rorem

277 1049 500 1131 fecundum
541 1049 715 1157 desuper
755 1047 1073 1129 descendentem
1111 1047 1318 1154 accipiens
1362 1058 1403 1128 et
1447 1049 1593 1129 erroris
1637 1048 1777 1129 nescia

280 1181 538 1280 distribuens,
569 1180 679 1261 unde
709 1181 968 1287 omnesqui
997 1179 1051 1261 ad
1081 1179 1222 1261 Deum·
1249 1181 1460 1287 pervenire
1490 1180 1647 1279 volunt,
1678 1208 1777 1261 uor-

278 1342 391 1395 mam
422 1313 720 1395 credendcrum
751 1323 792 1394 et
820 1313 1078 1422 agendorum
1108 1314 1240 1394 securi
1270 1313 1472 1394 hauriant.
1533 1311 1645 1393 Hinc
1674 1311 1778 1393 fide-

279 1446 339 1529 les
383 1447 677 1528 instantissime
722 1457 764 1527 et
807 1447 1057 1528 incessanter
1095 1445 1328 1562 hortamur,
1349 1509 1353 1517 .
1373 1475 1426 1527 ne
1466 1447 1580 1527 omni
1618 1445 1779 1555 spiritui

127 1551 134 1580 ⁵
283 1578 453 1660 credant
482 1579 548 1659 vel
578 1589 798 1685 tamquam
822 1578 983 1685 parvuli
1012 1576 1258 1660 fluctuantes
1295 1577 1349 1658 ab
1379 1580 1494 1659 omni
1522 1590 1647 1660 vento
1677 1577 1779 1660 doc-

280 1712 411 1792 trinae
440 1722 756 1792 111011111111111
739 1710 1132 1809 toircumferautur,
1163 1710 1236 1791 sed
1266 1721 1312 1791 ut
1340 1711 1479 1818 potius
1504 1712 1718 1792 veritatem
1738 1719 1780 1791 et

283 1844 419 1925 veraci
420 1853 548 1924 tatem
589 1842 668 1923 Dei
707 1841 922 1940 intuentes,
964 1843 1037 1949 qui
1057 1842 1329 1930 multifariam
1359 1843 1581 1951 multisque
1611 1841 1780 1925 indubie

120 2031 123 2036 ·
238 2043 251 2068 ,.
281 1945 417 2058 modis
445 2004 520 2084 per
548 1976 723 2090 saecula,
765 1977 987 2087 novissime
1016 1986 1156 2057 autem
1194 1977 1239 2056 in
1268 1974 1374 2058 Filio
1405 2004 1481 2057 suo
1511 1975 1632 2057 uobis
1661 1975 1779 2097 locu-

196 2135 203 2148 ·
280 2119 348 2189 tus
378 2119 450 2208 111,
481 2109 612 2190 securi
642 2137 692 2189 ea
720 2117 958 2190 teneantet
941 2084 1210 2190 tfi1missimc
1230 2107 1400 2190 credant
1423 2138 1521 2190 1111
1540 2135 1641 2208 1111,
1672 2134 1780 2216 quae

274 2220 337 2324 ¹ab
368 2239 555 2328 Ecclesia
585 2241 788 2322 catholica
818 2242 1028 2323 docentur.
1060 2239 1194 2323 Nemo
1220 2242 1275 2323 ad
1296 2240 1434 2323 Deum
1464 2242 1603 2324 venire
1628 2249 1780 2351 potest,

283 2375 325 2454 in
356 2401 480 2481 quem
510 2403 595 2454 non
625 2374 859 2479 crediderit3
890 2402 1013 2455 nemo
1043 2403 1141 2456 vero
1172 2375 1336 2456 credere
1374 2384 1522 2483 potest,
1552 2373 1781 2481 nisiprae·

284 2506 533 2649 dicationem
563 2506 738 2613 audierit
763 2504 920 2607 eorum,
952 2509 1023 2614 qui
1053 2537 1079 2587 a
1108 2507 1200 2589 Deo
1230 2509 1459 2591 mittuntur.

375 2722 468 2804 De
497 2723 578 2804 hoc
605 2724 738 2849 pretio
769 2734 836 2803 cat
819 2681 996 2804 tholicae
1028 2725 1229 2829 veritatis,
1270 2751 1376 2832 quae
1406 2724 1576 2805 omnino
1607 2749 1691 2802 una
1719 2730 1783 2803 est
1863 2713 1867 2720 ’
1919 2697 1922 2704 ’

285 2865 326 2936 11
355 2856 616 2955 universalis,
656 2856 895 2964 saepissime
924 2841 1169 2939 moneantur
1208 2857 1350 2939 fideles
1379 2884 1406 2936 a
1434 2855 1680 2965 pastoribus,
1709 2853 1783 2962 qui

285 2988 427 3069 itidem
466 2976 720 3070 finnissimas
760 2989 941 3070 internas
980 3000 1021 3069 11
1050 2999 1239 3071 externas
1268 2990 1459 3089 rationes,
1499 2988 1650 3097 quibus
1679 2984 1783 3069 fides

285 3131 427 3203 nostra
456 3121 607 3227 nititm,
639 3120 769 3202 solide
799 3129 1009 3228 exponant
1038 3132 1093 3234 et·
1122 3122 1408 3229 persuadeant,
1448 3123 1505 3203 ita
1544 3132 1591 3203 ut
1629 3147 1784 3203 vesana

286 3279 454 3361 prorsus
494 3257 692 3362 appareat
730 3248 938 3362 oppositio
969 3251 1123 3354 eorum,
1140 3255 1226 3362 *qui
1262 3254 1497 3337 clarissimis
1526 3252 1781 3364 argumentis

286 3384 412 3468 fidem
451 3386 647 3494 praebere
687 3386 853 3487 nolunt,
894 3387 967 3469 sed
1006 3416 1105 3469 suae
1144 3388 1210 3468 vel
1249 3387 1502 3496 pervicaciae
1531 3385 1598 3474 vel
1626 3385 1783 3468 levitati

285 3516 578 3619 inhaerentes,
605 3498 706 3600 durn
745 3521 787 3600 in
827 3521 1021 3603 omnibus
1059 3520 1189 3632 rebus
1218 3549 1266 3602 sc
1298 3499 1464 3617 ,dociles
1496 3508 1787 3629 praebentia

207 3734 210 3739 ,
286 3653 410 3734 rebus
439 3644 608 3733 maximi
638 3655 839 3739 momenti
868 3654 1166 3735 institutionem
1206 3643 1449 3762 divinissimi
1488 3653 1675 3763 magistri
1702 3652 1783 3746 im·

286 3785 488 3892 patienter
517 3785 663 3866 ferunt.
695 3783 1074 3867 Commonstranda
1103 3785 1297 3868 omnibus
1326 3796 1389 3869 est
1408 3784 1618 3867 Ecclesiae
1638 3784 1783 3889 catho-

287 3919 391 3999 licae
430 3917 571 3998 divina
610 3919 748 4027 orig0,
789 3947 919 4027 quam
935 3971 937 3974 <
954 3948 981 3999 a
1018 3918 1236 4028 fundatore
1274 3921 1351 4000 suo
1382 3929 1423 4000 11
1452 3920 1586 4027 capite
1616 3904 1784 4000 Christo

288 4049 423 4147 trahit,
453 4050 558 4130 mira
587 4052 675 4157 ejus
705 4063 793 4131 tum
824 4053 1070 4161 propagatio
1107 4053 1148 4133 11
1166 4053 1434 4135 conservatio
1465 4062 1554 4133 tum
1577 4050 1785 4160 *salutaris
1886 4056 1890 4068 '

157 4212 165 4226 ·
289 4181 472 4264 efficacia
501 4192 542 4262 et
560 4182 656 4280 vita,
687 4210 771 4290 qua
791 4182 934 4264 orbem
954 4194 1154 4265 terrarum
1173 4183 1438 4285 collustravit,
1468 4184 1523 4266 ad
1548 4181 1785 4291 exemplum

288 4315 475 4424 magistri
514 4315 578 4395 sui
617 4300 911 4397 benefaciendo
951 4318 1173 4438 transiens,
1210 4329 1255 4399 ut
1292 4346 1438 4399 omnes
1466 4319 1579 4427 piam
1609 4316 1785 4400 Matrem

290 4446 470 4528 amando
501 4460 760 4557 cognoscant
793 4458 834 4530 et
862 4450 1155 4560 cognoscendo
1192 4450 1378 4560 diligant.
1439 4449 1671 4562 Indagandi
1700 4477 1786 4531 non

289 4582 426 4661 minus
456 4590 552 4663 s'unt
581 4582 715 4663 fontes
745 4582 1050 4683 incredulitatis,
1092 4585 1162 4692 qui
1198 4613 1248 4665 ex
1286 4611 1414 4692 prava
1453 4582 1787 4693 concupiscentia

263 4715 424 4822 --magis
454 4741 579 4820 quam
609 4744 660 4795 ex
680 4714 910 4796 intellectus
930 4716 1208 4799 imbecillitate
1229 4727 1488 4825 promanant,
1519 4726 1655 4825 atque,
1686 4715 1786 4798 dum

290 4874 442 4954 pravae
467 4846 672 4938 ,libidines
710 4848 985 4946 suffocantur,
1026 4848 1306 4933 efficacissime
1336 4843 1616 4933 obstmuntur.
1677 4848 1788 4930 Ante
1850 4907 1851 4911 ι

291 4980 432 5059 omnia
455 4965 609 5060 ‘autem
646 4981 815 5065 intentis
853 4969 1045 5089 precibus
1083 4984 1217 5092 gratia
1253 4983 1463 5084 credendi,
1504 4977 1611 5090 quae
1640 5012 1666 5062 a
1695 4981 1787 5063 Deo

193 5112 196 5116 ⁴
291 5101 363 5212 est,
394 5125 594 5211 exoretur,
624 5124 669 5193 ut
699 5113 908 5222 dissipatis
937 5117 1115 5199 tenebris
1144 5129 1303 5199 mentes
1332 5117 1467 5200 lucem
1497 5116 1686 5198 coelestis
1715 5142 1788 5196 ve-
