3960 5956
304 348 436 413 ·XVI

452 545 484 611 2.
524 545 646 614 anm
673 547 735 611 erit
760 546 941 633 providere,
969 555 1109 634 atquae
1132 546 1267 614 formam
1288 549 1424 617 actiosus
1440 547 1623 633 synodalis,
1644 551 1847 635 potissimum

235 694 237 699 .
354 659 389 720 10
403 653 609 719 Sessionibns
624 652 763 740 publicis
785 656 936 719 usitatam
958 663 1163 739 concernunt,
1187 664 1314 721 servato
1329 665 1398 721 tam
1420 677 1532 722 sacrae
1554 657 1704 741 liturgiae
1726 658 1847 742 ordine,

356 771 423 827 tum
444 761 627 841 traditionis
648 761 889 826 ecclesiasticae
910 783 998 827 more
1020 763 1243 848 expediantur.

276 862 279 866 ’
453 871 483 934 3.
526 867 646 933 Ritaali
667 867 774 934 officio
793 872 828 934 10
849 868 1163 956 Onagregationibus
1183 877 1216 935 et
1230 870 1437 936 Senioribus
1451 869 1647 936 alternantes
1662 871 1846 957 fungentur,

352 976 604 1064 praelegentque
626 979 747 1063 pariter
768 999 842 1043 eum
864 978 1053 1044 Secretariis
1075 977 1212 1045 (lencilii
1233 978 1429 1044 alternantes
1451 982 1620 1045 materiam
1642 981 1844 1046 decretorum

353 1087 388 1153 in
409 1083 615 1150 Sessionibus
636 1083 877 1170 publicandam.
1148 1135 1153 1140 -

452 1193 482 1256 4.
526 1192 647 1258 Eorum
665 1192 798 1259 tandem
820 1196 890 1275 erit,
912 1191 1064 1276 colligere
1082 1201 1153 1259 tum
1176 1195 1324 1259 confecta
1350 1217 1371 1258 a
1392 1127 1527 1279 singulis
1552 1194 1696 1259 Notariis
1727 1197 1844 1261 instru-

352 1307 462 1400 menta
489 1321 549 1369 sea
581 1299 756 1387 protocolla
783 1302 943 1366 0001000ιο
972 1299 1190 1386 synodalium,
1215 1310 1283 1367 tum
1315 1301 1391 1366 1110
1404 1303 1606 1389 decretorum
1638 1301 1847 1388 exemplaria,

355 1395 440 1492 qaae
461 1429 522 1472 ceu
543 1399 731 1474 authentica
749 1408 948 1496 publicatam
969 1407 1105 1473 Ooacilii
1134 1411 1303 1474 materiam
1325 1412 1522 1475 continent

452 1515 483 1580 6.
525 1516 634 1584 Finita
655 1515 808 1604 Synodo
809 1519 915 1602 omnia
936 1507 1098 1583 actionum
1119 1520 1341 1602 instrumenta,
1362 1539 1429 1582 ana
1448 1538 1523 1582 oum
1537 1526 1680 1601 congrua
1693 1515 1848 1581 relatione

352 1586 578 1709 Metropolitae
600 1620 812 1689 exhibebunt

731 1849 735 1857 ·
824 1789 858 1900 0)
875 1829 1029 1917 001010
1039 1829 1382 1919 secretariorum.
1454 1907 1456 1912 ³

338 2061 342 2066 ,
462 1997 729 2080 secretariorum,
767 2016 848 2082 qnos
884 1997 1006 2082 pariter
1032 2017 1090 2081 pro
1124 1995 1224 2080 hujus
1251 1993 1387 2060 00001111
1420 1997 1545 2060 0001000
1572 1993 1654 2059 0000
1680 1995 1846 2060 000001001-

357 2125 439 2187 mus,
462 2106 537 2168 erit:
612 2103 615 2109 ’

308 2203 311 2208 ’
452 2212 481 2275 1.
514 2231 638 2293 curare,
659 2211 697 2275 00
717 2211 832 2277 saltem
853 2210 1087 2298 00100000οι
1103 2210 1270 2277 Sessiones
1291 2207 1443 2295 publicae
1459 2208 1672 2295 celebrentur,
1694 2209 1846 2276 Edictum

280 2342 284 2348 ·
352 2314 566 2415 celebrandae
589 2319 748 2385 800010010
776 2317 881 2384 valvis
914 2326 981 2383 tum
1013 2317 1171 2385 ecclesiae
1203 2316 1579 2403 metropolitanae,tum
1512 2317 1773 2384 tumecelesiae
1804 2317 1847 2385 ad

325 2484 329 2492 .
353 2428 403 2493 Se.
426 2424 625 2493 Salvatorem
648 2426 811 2512 affigatur.
1878 2488 1884 2499 ,

452 2535 482 2600 2.
504 2535 646 2599 Decreta
663 2532 706 2598 00
728 2535 862 2599 formam
884 2532 1020 2598 Concilii
1041 2535 1234 2619 pertinentia
1255 2532 1443 2598 alternando
1464 2530 1725 2618 promulgabant,
1746 2539 1847 2596 mate·

352 2643 467 2706 riam
458 2665 493 2706 ιιι
524 2641 852 2728 Congregationibus
869 2648 903 2704 et
933 2639 1138 2706 sessionibus
1171 2640 1400 2727 publicandam
1430 2638 1620 2728 praelegerat
1650 2639 1848 2705 alternantes

342 2752 427 2816 ’00οι
453 2749 693 2815 Promotoribus
719 2759 752 2814 et
777 2749 850 2833 illis,
877 2749 932 2834 qui
959 2768 1130 2813 enumero
1157 2749 1360 2813 Notariorum
1380 2748 1434 2813 vel
1456 2746 1537 2812 alias
1559 2747 1602 2811 ad
1623 2746 1710 2812 idem
1732 2746 1844 2812 lectio-

351 2859 402 2922 nis
428 2856 570 2922 officiam
593 2855 844 2942 deputabantur.

850 3061 888 3128 d)
907 3059 1053 3117 001010
1078 3058 1346 3119 Notariorum.

453 3227 602 3292 Notarios
628 3250 686 3314 pm
713 3227 844 3313 Synodo
874 3229 1034 3314 praesenti
1062 3208 1285 3291 constituimus
1312 3235 1458 3312 quatuor,
1480 3249 1616 3312 quorum
1637 3247 1737 3292 unum
1759 3229 1846 3313 prin·

354 3334 490 3423 cipalem
518 3337 653 3405 00010010
680 3334 847 3422 synodalis
876 3335 1042 3399 Notarium
1075 3333 1326 3446 designavimus.
1368 3320 1488 3411 obsis
1518 3334 1725 3467 Notariorum
1756 3333 1845 3398 hisce

355 3445 561 3529 exponimus:
624 3509 626 3512 .

454 3552 483 3615 1.
526 3549 646 3619 Eorum
673 3552 751 3633 erit,
778 3550 936 3614 conficere
965 3550 1376 3632 instrumentaaetionam,¹
1404 3550 1543 3635 quaein
1566 3549 1702 3634 singulis
1724 3548 1848 3614 Sessio·

354 3657 450 3723 nibus
471 3657 766 3744 congregationum
788 3656 1028 3743 particularium
1050 3655 1272 3743 expedientur.
1315 3655 1533 3720 Instnnnenta
1553 3657 1626 3740 ista,
1649 3676 1733 3742 quae
1755 3663 1849 3742 prout

355 3765 493 3831 Praeses
523 3764 794 3851 Congregationis
816 3763 987 3846 ordinabit,
1014 3762 1250 3849 praelegantur,
1272 3762 1377 3827 eidem
1400 3762 1547 3827 Praesidi
1568 3771 1712 3849 tempore
1735 3742 1848 3849 oppor-

355 3883 432 3939 tuno
456 3871 658 3944 exhibebunt
680 3871 916 3937 subscribenda
936 3879 968 3935 et
989 3870 1210 3937 custodienda.

454 3982 484 4044 2.
528 3979 621 4060 Quae
641 3998 700 4064 per
720 3980 988 4064 congregationis
1003 3977 1189 4043 Praesidem
1206 3977 1313 4063 quoad
1329 3979 1464 4041 00010010
1480 3977 1704 4062 expediendae
1718 3930 1849 4043 modum

290 4088 325 4159 ils
356 4087 603 4171 ordinabuntur,
625 4085 758 4172 reliquia
780 4089 872 4150 istius
893 4086 1161 4171 congregationis
1182 4083 1336 4149 membris
1357 4084 1617 4169 promulgabant

455 4194 485 4258 3.
527 4194 764 4259 Excusationes
786 4214 906 4276 eorum,
932 4195 987 4279 qui
1008 4214 1073 4257 ana
1094 4190 1236 4257 alteram
1251 4211 1330 4273 mee
1346 4193 1437 4274 justo
1458 4192 1688 4278 impedimento
1710 4191 1849 4256 detentis

360 4303 503 4369 Sessioni
525 4300 711 4389 particulari
732 4303 888 4365 interesse
904 4299 998 4364 baud
1020 4308 1179 4387 poterimt,
1201 4299 1243 4364 ad
1265 4299 1453 4364 Praesidem
1475 4299 1631 4364 deferent.

455 4411 486 4481 4.
518 4409 633 4475 Finitis
655 4408 845 4491 actionibus,
868 4388 950 4494 qaae
972 4430 1032 4495 per
1052 4409 1343 4494 congregationem
1370 4406 1597 4493 particularem
1624 4406 1848 4493 expediendae
1911 4491 1915 4497 Π

357 4527 464 4601 erunt,
491 4519 659 4582 materiam
687 4515 809 4602 Synodi
836 4519 923 4602 typis
949 4517 1115 4602 scriptam,
1147 4517 1241 4600 eujus
1272 4514 1471 4602 exemplaria
1502 4517 1666 4603 inprime
1699 4514 1849 4580 Sessione

356 4613 542 4711 particulari
565 4624 700 4711 singulis
715 4622 851 4688 Consilii
866 4622 1019 4700 membris
1034 4622 1364 4707 communicabantur,
1379 4622 1531 4711 colligent
1551 4621 1795 4704 restituendam,
1818 4628 1851 4685 et

247 4766 250 4772 ·
357 4731 448 4796 finita
470 4732 601 4818 Synodo
624 4741 741 4797 cuncta
763 4731 962 4817 exemplaria
987 4731 1228 4796 Promotoribus
1249 4729 1460 4795 exhibebant.

454 4840 567 4906 61110
596 4861 691 4924 vero,
724 4842 780 4926 001
807 4862 825 4903 0
853 4825 987 4905 munero
1015 4838 1221 4904 Notariorum
1251 4838 1357 4903 officio
1389 4841 1522 4926 insuper
1554 4837 1679 4903 Notarii
1704 4844 1850 4918 actorum

358 4948 561 5035 synodalium
590 4946 759 5034 fungetur,
793 4944 941 5012 conficiet
961 4949 1173 5013 instrumenta
1195 4966 1323 5032 qnoque
1345 4946 1523 5029 actionum,
1546 4965 1630 5032 qaae
1650 4944 1684 5008 in
1705 4944 1849 5026 Congre-

247 5138 250 5145 .
358 5056 542 5142 gationibns
563 5053 772 5142 generalibus
794 5063 827 5118 00
847 5035 1054 5120 Sessionibus
1076 5052 1214 5141 publicis
1236 5038 1458 5138 expedientur,
1491 5074 1626 5140 quorum
1657 5053 1851 5115 instrumen-

359 5173 464 5232 torum
485 5171 628 5229 tenorem
649 5165 682 5227 ia
703 5161 767 5227 fine
789 5163 1083 5249 congregationum
1105 5169 1139 5228 et
1159 5160 1345 5229 Sessionum
1366 5159 1593 5249 promulgabit
1634 5158 1853 5225 1000000000
