3960 5956
813 433 1004 581 cleon
1039 495 1110 579 ru.

518 751 590 831 De
618 750 820 831 lectione
850 754 898 832 et
927 750 1130 834 editione
1159 751 1396 875 librorum

329 1023 587 1106 Admirabile
616 1024 794 1132 pretium
823 1025 1005 1106 veritatis
1035 1024 1261 1107 catholicae
1291 1026 1426 1133 poscit
1450 1026 1632 1125 onmina
1664 1038 1711 1111 ut

217 1184 330 1238 error
350 1165 392 1236 et
411 1155 747 1247 mendaciumab
764 1184 835 1238 ore
852 1167 894 1238 et
909 1157 1046 1250 oculis
1064 1155 1393 1240 Christianorum
1408 1169 1709 1240 removeantur.

215 1287 498 1372 Sauctimonia
527 1289 635 1369 vitae
666 1289 912 1372 christianae
952 1317 1037 1371 non
1074 1290 1211 1370 minus
1241 1300 1381 1398 urget,
1422 1301 1468 1371 ut
1496 1301 1710 1398 tamquam

215 1449 422 1504 vencnum
461 1448 585 1501 omne
625 1420 819 1538 verbum,
861 1421 974 1529 quod
1012 1450 1176 1503 morum
1216 1422 1386 1504 candori
1425 1433 1592 1521 noceat,
1635 1421 1710 1504 ab·

48 1616 54 1626 .
214 1553 467 1637 horreamus.
1370 1549 1376 1559 '
1631 1548 1633 1553 ’

333 1735 435 1818 Inde
465 1736 608 1819 fideles
629 1737 826 1822 obtestari
856 1766 942 1819 non
969 1764 1189 1835 cessamus,
1219 1747 1266 1817 ut
1294 1738 1338 1818 in
1366 1747 1483 1818 tanta
1505 1735 1710 1819 librorum

215 1868 479 1951 multitudine
509 1880 707 1979 tantoque
748 1871 914 1982 legendi
953 1867 1111 1967 studio,
1152 1870 1266 1976 quod
1294 1869 1520 1953 hodiedum
1549 1871 1711 1953 animos

214 2001 432 2083 hominum
461 2013 594 2103 tenet,
625 2002 679 2085 ab
710 2006 824 2086 omni
854 2004 1029 2086 lectione
1060 2000 1138 2084 sibi
1168 2003 1341 2085 sollicite
1372 2013 1565 2102 caveant,
1604 2029 1710 2110 quae

216 2163 292 2244 pro
322 2135 493 2218 veritate
523 2136 786 2218 mendacium
798 2144 812 2237 ‚⁴
847 2166 922 2246 pro
953 2135 1238 2237 aedificatione
1268 2135 1511 2217 scandalum
1545 2146 1588 2217 et
1615 2163 1711 2244 per·

214 2267 447 2351 versionem
486 2269 673 2350 seminat.
735 2268 998 2351 Meminerint
1037 2269 1246 2349 neminem
1295 2268 1391 2350 inde
1436 2263 1538 2350 strui
1576 2294 1710 2377 posse,

214 2400 324 2482 unde
355 2398 596 2504 destruitur3
626 2428 761 2509 neque
791 2400 844 2483 ab
875 2430 925 2482 eo
955 2400 1188 2499 illuminari,
1219 2428 1245 2480 a
1274 2427 1358 2508 quo
1380 2399 1709 2482 contenebratur.

216 2531 271 2614 Et
300 2533 490 2641 quamvis
519 2533 563 2614 in
583 2534 773 2642 pessimis
793 2561 958 2643 quoque
989 2531 1103 2614 libris
1122 2523 1279 2641 aliquid
1308 2532 1394 2614 veri
1424 2532 1605 2640 bonique
1635 2530 1711 2613 ad·

216 2665 392 2747 mixtum
409 2690 512 2749 'csse
542 2666 693 2749 soleat:
724 2667 895 2748 minime
925 2676 1065 2749 tamen
1094 2664 1157 2748 fas
1187 2666 1284 2764 erit,
1315 2694 1411 2747 cunr
1433 2665 1614 2773 periculo
1644 2663 1733 2763 vel

218 2798 341 2908 ctiam
382 2796 535 2880 damno
575 2811 766 2881 aeternae
806 2800 950 2882 salutis
989 2826 1133 2907 sparsa
1168 2797 1325 2879 lumina
1364 2825 1492 2905 penes
1521 2796 1712 2879 tenebras
1866 2833 1872 2845 ·

218 2956 432 3037 quaerere,
472 2931 574 3012 dum
603 2931 737 3013 clarae
755 2989 758 2993 ν
773 2932 875 3015 lucis
905 2931 1086 3014 thesauri
1126 2932 1168 3011 in
1205 2940 1292 3010 tam
1322 2931 1463 3013 multis
1493 2929 1713 3038 praeclaris

216 3060 329 3144 libris
343 3061 638 3171 perfectissime
654 3074 696 3145 et
711 3065 798 3147 sine
817 3065 1000 3173 periculo
1015 3065 1164 3169 veneni
1179 3063 1504 3173 suppeditantur.
1517 3061 1714 3144 ¹Audiant

216 3195 355 3302 itaque
395 3223 540 3278 omnes
577 3195 754 3279 Matrem
776 3190 1040 3297 Ecclesiam,
1078 3224 1187 3305 quae
1227 3207 1394 3279 sanctae
1433 3195 1530 3278 fidei
1569 3222 1714 3293 secura

217 3337 356 3410 custos
397 3338 439 3409 et
467 3328 576 3410 vitae
606 3339 796 3412 aeternae
826 3328 1050 3412 infallibilis
1085 3330 1285 3439 magistra
1320 3329 1427 3413 filios
1466 3356 1563 3432 suos
1591 3320 1713 3437 psto-

216 3460 376 3542 munire
406 3462 597 3569 cupiens,
637 3490 852 3571 perversos
891 3461 1018 3544 libros
1057 3462 1188 3571 digito
1229 3471 1452 3561 monstrat,
1492 3461 1547 3542 ad
1584 3460 1725 3542 instar.

218 3590 486 3674 sollicitorum
529 3605 770 3703 parentum,
811 3596 883 3704 qui
925 3604 1150 3676 venenatas
1186 3594 1349 3702 plantas
1386 3593 1530 3702 procul
1569 3621 1713 3674 ema*

219 3723 341 3808 nibus
369 3724 592 3808 liberonrm
622 3737 792 3810 suoru'm
822 3738 984 3838 ereptas
1014 3729 1246 3838 projicimrt.

335 3889 449 3972 Hinc
479 3891 640 3975 divinas
679 3903 722 3973 et
751 3893 1047 3976 ecclesiasticas
1084 3894 1198 4003 leges
1227 3887 1417 3974 fidelibus
1456 3891 1499 3976 ln
1529 3900 1712 3972 mentem

217 4049 420 4117 revocare,
461 4023 605 4107 Patres
641 4025 685 4106 in
726 4024 896 4133 Synodo
936 4027 1177 4136 congregati
1217 4024 1493 4106 necessarium
1531 4031 1711 4105 censent.

218 4151 316 4237 Sine
345 4153 471 4237 dubio
501 4158 612 4238 enim
652 4167 694 4238 et
723 4159 878 4267 proprii
917 4169 959 4240 et
988 4159 1110 4241 alieni
1147 4157 1305 4265 peccati
1342 4184 1434 4239 reos
1473 4183 1517 4238 se
1545 4155 1716 4253 faciunt,
1885 4226 1888 4231 .

219 4287 287 4395 qui
320 4285 445 4370 libros
480 4288 630 4397 impios
665 4318 750 4370 non
787 4301 949 4371 tanturn
987 4291 1066 4399 ipsi
1103 4288 1295 4371 manibus
1334 4298 1530 4386 tractant,
1569 4285 1643 4370 sed
1673 4282 1738 4367 et?
1864 4350 1867 4354 Α

218 4419 308 4501 ans
337 4419 536 4530 regendos
566 4422 840 4521 commum,
871 4423 955 4503 imo
986 4421 1171 4504 sument.
1232 4420 1476 4502 rnaeseom
1506 4418 1574 4500 nn
1595 4446 1713 4500 seve-

220 4579 309 4633 ram
339 4551 480 4634 Judiei
509 4563 676 4635 aeterno
706 4554 909 4636 rationem
938 4555 1121 4654 reddent,
1153 4554 1224 4662 qui
1254 4552 1380 4635 libros
1405 4551 1612 4660 'ejusmodi
1646 4549 1714 4631 vel

217 4683 342 4765 etiam
372 4683 575 4797 imagines
605 4685 779 4768 lascivas
809 4715 976 4768 exarare
1006 4685 1286 4768 aur-consulto
1307 4684 1521 4794 divulgare
1548 4683 1713 4783 audent,

216 4825 440 4925 postquam
470 4817 522 4898 de
551 4817 781 4925 perniciosa
810 4846 953 4900 eorum
982 4817 1120 4901 indole
1157 4818 1224 4900 vel
1255 4817 1382 4916 ultra,
1422 4815 1489 4897 vel
1518 4825 1714 4898 monente

217 4946 405 5030 Ecclesia
442 4950 679 5032 constiterit.
741 4949 963 5066 Quumque
999 4950 1265 5033 Summorum
1308 4948 1558 5032 Pontificum
1604 4974 1713 5055 cura

217 5089 265 5162 ut
292 5080 445 5190 scripta
474 5082 561 5164 sive
589 5081 806 5184 haeretica,
842 5084 929 5166 sive
962 5085 1106 5193 pietati
1134 5096 1177 5167 et
1210 5111 1373 5165 morum
1402 5081 1609 5166 honestati
1637 5078 1713 5162 ad-
1797 5144 1808 5155 .
