3960 5956
288 306 348 372 102

286 520 328 592 et
356 510 622 619 poscentibus
651 536 860 618 apponere
889 509 994 608 licet,
1040 509 1119 591 nisi
1144 508 1233 591 ‘fors
1272 507 1525 591 scandalosis
1564 507 1700 590 verbis
1739 520 1781 591 et
1826 607 1831 615 Ι

286 644 329 724 in
359 652 548 751 apertum
579 641 682 751 legis
703 652 988 751 contemptum
1016 652 1249 751 poscantur,
1279 667 1498 724 monemus
1520 643 1564 722 in
1584 640 1779 740 Domina

286 786 333 857 ut
361 803 438 884 pro
468 802 543 857 sua
572 802 671 884 erga
700 774 930 857 Ecclesiam
959 760 1186 857 reverentia
1222 773 1415 856 omnibus
1454 774 1498 854 in
1528 774 1704 883 oppidis,
1734 775 1778 855 in

287 907 439 1016 quibus
478 908 614 1015 parari
653 920 847 1015 possunt,
888 907 1003 990 cibos
1033 935 1199 1016 quoque
1228 907 1374 990 diebus
1403 906 1646 990 esurialibus
1675 933 1778 988 con-

39 1020 43 1026 Δ
139 1075 140 1078 ¹
287 1041 499 1123 venientes
528 1050 695 1147 paratos
715 1039 906 1140 habeant,
938 1039 1011 1121 sed
1041 1050 1082 1122 et
1110 1039 1212 1122 alias
1241 1039 1366 1144 talem
1386 1040 1650 1122 refectionem
1679 1066 1778 1147 pos·

288 1172 477 1254 centibus
507 1200 669 1281 semper
698 1181 740 1254 et
769 1172 922 1280 ubique
951 1174 1022 1280 pia
1052 1173 1244 1258 comitate
1273 1174 1409 1282 parari
1438 1172 1603 1255 faciant.
1823 1274 1834 1287 ἱ

403 1305 609 1387 laetanter
637 1304 808 1385 tandem
838 1305 1058 1387 suademus
1087 1305 1350 1413 potissimum
1380 1305 1536 1388 clericis
1566 1315 1608 1386 et
1642 1331 1778 1386 sacer·

218 1514 221 1519 ,
286 1438 463 1537 dotibus,
504 1448 551 1519 ut
588 1446 723 1519 titum
762 1438 918 1545 proprii
949 1438 1098 1546 jejunii
1136 1438 1374 1520 exercitium
1411 1449 1454 1520 et
1489 1437 1778 1548 abnegationis

287 1569 505 1679 cujuslibet
549 1568 795 1651 sacrificium
841 1568 932 1651 Deo
978 1571 1100 1651 simul
1147 1570 1323 1652 offerant
1367 1571 1411 1651 in
1456 1569 1778 1653 satisfactionem

286 1732 362 1811 pro
392 1704 579 1813 pliuimis
609 1703 790 1811 peccatis
820 1713 861 1784 et
882 1702 1192 1803 omissionibus,
1222 1702 1373 1812 quibus
1395 1704 1544 1812 jejunii
1568 1729 1708 1784 osores
1737 1712 1780 1783 et

285 1837 390 1946 legis
420 1836 719 1923 ecclesiasticae
749 1845 1053 1946 contemptores
1082 1836 1342 1945 Majestatem
1366 1836 1551 1919 divinam
1572 1834 1779 1919 offendere

287 1966 432 2051 solent.
493 1967 616 2050 Faxit
654 1968 787 2069 Deus,
831 1980 878 2050 ut
916 1968 1155 2078 hujusmodi
1199 1968 1488 2052 satisfactionis
1520 1968 1777 2052 'sacrificinm

258 2090 489 2210 omnibus,
528 2130 604 2211 pro
634 2100 785 2210 quibus
814 2102 882 2209 pie
913 2100 1115 2201 offeretur,
1155 2101 1228 2183 fiat
1256 2102 1518 2211 propitiabile
1547 2130 1621 2211 per
1654 2099 1778 2184 Chri-

287 2242 397 2315 stum
427 2233 657 2315 Dominum
687 2244 887 2315 nostrum.

880 2541 1073 2629 CAPUT
1102 2545 1156 2628 X.

406 2772 477 2851 De
507 2768 823 2865 missionibus,
854 2771 902 2849 et
932 2768 1080 2889 sacris
1108 2767 1360 2849 Exercitiis
1389 2786 1474 2868 pro
1504 2767 1651 2851 laicis
1788 2745 1802 2757 ⁸

372 3018 439 3094 ,1.
481 3011 620 3112 Quum
660 3040 800 3093 sacrae
830 3011 1058 3110 Missiones,
1088 3011 1142 3093 ab
1172 3010 1330 3092 idoneis
1360 3013 1557 3120 operariis
1586 3024 1775 3122 peractae

283 3175 545 3254 summopere
586 3145 822 3227 conducant
860 3143 914 3225 ad
951 3144 1047 3226 fidei
1084 3144 1376 3253 religionisque
1406 3146 1595 3254 spiritum
1624 3148 1668 3227 in
1696 3175 1774 3256 po-

283 3281 391 3390 pulis
421 3277 696 3378 excitandum
727 3305 879 3385 eosque
908 3277 964 3358 ad
993 3278 1154 3359 virtutis
1184 3305 1233 3357 ac
1262 3276 1406 3359 salutis
1435 3279 1625 3360 semitam
1654 3307 1774 3362 revo-

284 3412 461 3494 candos:
480 3408 513 3491 1)
544 3411 712 3493 meritas
742 3436 1006 3517 summasque
1036 3408 1179 3490 laudes
1199 3411 1242 3491 in
1262 3410 1429 3491 nomine
1459 3409 1631 3492 Domini
1661 3410 1775 3494 defe-

282 3547 411 3628 rimus
441 3544 635 3626 omnibus
665 3553 707 3625 et
736 3542 909 3650 singulis
938 3552 1028 3623 tum
1068 3541 1360 3642 sacerdotibus,
1400 3552 1489 3624 tum
1527 3542 1642 3625 laicis
1680 3542 1774 3631 fidis

282 3677 493 3760 Ecclesiae
532 3676 638 3774 filiis,
679 3703 855 3784 quorum
893 3676 1079 3782 piissima
1117 3673 1391 3756 sollicitudine
1438 3686 1479 3757 et
1517 3676 1772 3778 liberalitate,

284 3809 470 3901 consilio,
489 3818 530 3889 et
558 3808 699 3892 labore
729 3819 816 3889 tam
845 3807 1022 3888 salutare
1052 3835 1260 3890 sacrarum
1289 3806 1535 3890 Missionum
1573 3837 1679 3918 opus
1707 3837 1773 3892 re-

284 3943 456 4024 centiori
486 3952 671 4050 ternpore
701 3969 774 4050 per
794 3968 937 4022 omnes
957 3941 1079 4048 hujus
1104 3940 1342 4049 provinciae
1361 3930 1569 4024 dioeceses
1597 3941 1773 4025 laetissi-

282 4102 398 4157 mum
438 4076 614 4182 sumpsit
653 4073 867 4156 exordium
906 4083 947 4154 et
976 4074 1290 4172 incrementum,
1331 4101 1382 4154 ex
1412 4101 1495 4181 quo
1525 4063 1668 4155 divina
1696 4074 1772 4156 ad-

281 4209 462 4317 spirante
499 4208 633 4316 gratia
671 4207 900 4289 uberrimos
932 4207 1023 4313 jam
1062 4215 1278 4314 perceptos
1316 4204 1441 4287 fuisse
1470 4205 1637 4308 fractius,
1679 4206 1771 4291 Deo

141 4457 144 4462 .
185 4411 188 4417 .
284 4342 439 4451 granas
467 4351 638 4451 agentes
667 4338 909 4450 gaudemus.

399 4473 493 4574 Quo
523 4475 657 4583 magis
687 4473 800 4554 hisce
828 4471 1068 4580 praesertim
1098 4469 1243 4552 diebus
1272 4470 1570 4554 infensissimus
1609 4472 1772 4580 generis

280 4605 450 4687 humani
481 4606 611 4688 hostis
641 4634 743 4715 agro
774 4602 996 4686 Dominieo
1021 4604 1181 4684 zizania
1205 4605 1539 4712 superseminare,
1571 4605 1771 4713 novisque

280 4740 324 4820 in
354 4739 441 4821 dies
471 4739 640 4822 ausibus
669 4738 830 4819 animos
860 4748 1088 4845 pervertere
1128 4748 1317 4819 conatur:
1362 4748 1479 4819 tanto
1518 4737 1771 4846 frequentius

281 4872 465 4980 profecto
486 4871 684 4954 salutares
703 4869 949 4954 Missionum
971 4871 1184 4980 suppetiae
1205 4869 1461 4978 quaerendae
1482 4881 1588 4968 sunt,
1620 4871 1770 4978 quibus

283 5065 474 5074 -—-—-

372 5130 394 5215 ¹)
427 5131 488 5195 Lis
511 5131 543 5195 S.
567 5131 607 5194 D.
635 5131 685 5229 l’ii
708 5130 770 5194 ΡΡ.
793 5129 854 5194 lx.
883 5129 1065 5215 „Singulari
1088 5129 1240 5217 quidem“
1264 5131 1304 5195 de
1327 5131 1379 5196 die
1403 5131 1452 5195 17.
1475 5130 1569 5194 Mart.
1593 5129 1685 5198 1866.
