3960 5956
1548 342 1705 412 XXXIII

202 539 284 609 xilio
310 549 345 604 et
371 539 559 605 coelestium
587 539 842 606 Intercessorum
868 540 1041 625 pracsidio,
1070 539 1226 609 consultis
1247 550 1281 606 et
1301 541 1577 608 consentientibus
1599 542 1703 608 Reve-

200 645 407 712 rendissimis
436 643 661 711 Confrabibus
688 644 814 710 Nostris
847 646 1019 733 Episcopis
1051 645 1379 732 comprovincialibus
1398 658 1603 735 praesentem
1617 651 1703 736 ¹Pra-

198 755 313 839 gensis
335 754 527 840 provinciae
554 752 692 817 Nostrae
725 751 893 837 Synodum
920 756 1110 820 auctoritate
1131 751 1369 839 metropolitani
1390 757 1500 822 Nostri
1522 757 1620 823 officii
1641 761 1702 822 rite

199 864 355 931 indictam
376 872 409 928 et
430 862 576 950 legitime
597 871 810 930 convocatam
832 864 894 928 bac
915 867 988 949 ipsa
1010 863 1113 931 dieii.
1136 863 1345 950 Septembris,
1373 873 1406 928 et
1431 865 1612 940 Dominice
1625 866 1700 930 XV.

199 981 274 1058 post
296 971 519 1054 Pentecosten,
552 970 716 1035 incidente
739 970 834 1035 simul
850 970 902 1035 die
923 971 1006 1036 festo
1028 993 1071 1034 ss.
1094 971 1241 1037 Nominis
1255 970 1379 1037 Mariae
1395 972 1603 1057 aperiendam
1625 994 1699 1038 esse

200 1079 414 1160 decernimus,
436 1086 469 1142 et
490 1076 606 1142 amodo
627 1085 773 1163 apertam
795 1079 830 1141 in
863 1079 993 1142 nomine
1014 1077 1146 1143 Domini
1167 1080 1414 1164 prommtiamus
1434 1087 1467 1143 et
1488 1079 1700 1145 declaramus.
1798 1143 1801 1150 ,

201 1188 278 1273 Ipse
298 1185 528 1251 autem-Pater
547 1183 841 1248 misericordiarum
863 1193 897 1248 et
917 1184 1009 1249 Deus
1030 1187 1128 1250 totius
1150 1185 1378 1252 consolationis
1400 1186 1574 1251 benedicat
1593 1187 1699 1271 nobis,

200 1293 360 1359 illuminet
380 1291 505 1357 vultum
526 1313 620 1357 suum
635 1314 733 1379 super
753 1314 813 1358 nos
835 1300 868 1357 ct
888 1293 1080 1358 misereatur
1100 1297 1217 1377 nostri3
1239 1303 1431 1379 nostrasque
1455 1297 1600 1360 actiones
1613 1298 1700 1381 aspi·

70 1444 73 1449 ,
202 1402 304 1467 rando
330 1402 520 1487 praeveniat
545 1409 579 1465 et
605 1399 790 1484 adjuvando
819 1407 1047 1488 prosequatur,
1069 1409 1105 1464 ut
1125 1399 1278 1485 Synodus
1300 1411 1410 1466 nostra
1432 1402 1565 1488 dignum
1588 1404 1699 1467 sortia·

201 1519 255 1573 tur
274 1507 453 1591 exordium,
475 1506 604 1573 felicem
626 1528 834 1593 progressum
856 1505 1110 1572 ctfructuosum
1131 1511 1263 1573 exitum.
1306 1508 1370 1574 Per
1396 1508 1560 1574 Christum
1588 1509 1698 1575 Domi-

203 1638 281 1681 num
303 1616 465 1682 Nostrum.

553 1827 738 1889 nomem
758 1825 801 1886 de
821 1771 1029 1900 professione
1049 1824 1129 1886 naor
1149 1824 1345 1895 enitendo

301 2021 509 2095 Merinum
539 2018 573 2084 S.
600 2019 638 2083 R.
665 2018 705 2084 E.
726 2014 910 2104 Cardinalis
932 2016 1217 2103 Schwarzenberg,
1238 1994 1408 2087 Ecclesiae
1435 2021 1699 2107 metropolitanae

204 2131 380 2216 Prageusis
401 2130 686 2217 Archiepiscopus.
1079 2120 1088 2159 Ὗ

301 2239 384 2303 Cum
405 2240 490 2303 inter
511 2259 632 2302 omncs
643 2236 815 2322 pastoralis
837 2235 935 2302 officii
958 2235 1189 2304 sollicitudines
1210 2235 1266 2300 illa
1287 2238 1488 2322 potissimum
1504 2238 1609 2322 prima
1625 2255 1699 2310 esse

103 2402 106 2408 .
202 2347 340 2429 debeat,
366 2357 403 2412 ut
431 2347 513 2413 fides
540 2345 716 2428 catholica,
744 2368 842 2432 quam
871 2354 1079 2412 sacrosancta
1106 2345 1253 2411 Romana
1280 2344 1431 2419 Ecclesia
1451 2352 1540 2422 tenet
1561 2353 1594 2407 ct
1615 2367 1699 2430 quae

202 2454 395 2521 solidissimo
422 2461 533 2541 petrae
561 2452 770 2518 fundamento
797 2453 923 2536 nititur,
955 2453 1141 2537 incorrupta
1172 2454 1206 2514 in
1237 2452 1300 2519 bac
1331 2453 1498 2537 provincia
1529 2453 1640 2536 vigeat
1666 2461 1699 2517 et

200 2571 374 2647 augescat:
402 2561 606 2627 decernimus
633 2571 665 2626 et
693 2564 879 2646 statuimus,
905 2569 942 2625 ut
969 2561 1012 2626 ab
1038 2564 1183 2631 unanimi
1209 2561 1409 2648 professione
1436 2547 1583 2646 ejusdem
1610 2560 1698 2645 fidei,

203 2691 301 2756 quam
322 2669 436 2735 salutis
457 2671 618 2734 humanae
640 2659 765 2734 initium
788 2678 821 2734 et
842 2668 1088 2754 fundamentum
1108 2670 1345 2757 praedicamus,
1367 2669 1548 2756 praesentis
1570 2690 1698 2755 quoque

204 2778 342 2845 Concilii
369 2780 512 2843 actiones
539 2787 669 2843 sumant
693 2777 862 2844 exordium
890 2787 924 2842 et
948 2780 1191 2844 incrementum.
1235 2778 1341 2845 Corde
1368 2779 1454 2841 enim
1480 2774 1623 2841 creditur
1646 2776 1698 2855 „ad
1804 2761 1808 2770 x

200 2881 371 2970 justitiam,
394 2908 448 2950 ore
470 2895 578 2952 autem
600 2886 637 2950 fit
657 2888 817 2952 confessio
840 2886 883 2950 ad
905 2885 1051 2951 salutem.
1093 2886 1219 2952 Idcirco
1241 2887 1373 2952 Patrum
1396 2884 1546 2973 exempla
1560 2893 1593 2948 ct
1614 2886 1698 2950 sacri

201 2993 338 3075 Concilii
359 2993 539 3061 Tridentini
561 2993 793 3060 ordinationem
816 2994 868 3079 pie
890 2999 1084 3081 uenerantes
1104 2994 1321 3079 praecipimus
1343 2999 1377 3055 et
1396 2990 1697 3057 Reverendissimos

199 3100 387 3167 Confratres
413 3101 592 3188 Episcopus
614 3123 675 3165 nec
697 3123 762 3165 non
788 3082 900 3166 omnes
921 3102 955 3163 in
977 3098 1039 3163 hac
1060 3098 1192 3183 Sy'nodo
1215 3107 1430 3184 congregatos
1452 3107 1485 3161 et
1506 3107 1580 3162 actu
1602 3121 1695 3184 prae·
1770 3094 1774 3100 ’

201 3217 309 3272 sentes
329 3208 504 3273 invitamus
525 3211 559 3274 in
581 3207 731 3289 DomIno,
758 3215 794 3271 ut
815 3208 1048 3293 professionem
1069 3205 1146 3270 fidei
1169 3206 1347 3270 secundum
1374 3205 1509 3271 formam
1531 3227 1551 3268 a
1572 3205 1630 3294 I'io
1652 3206 1697 3270 fe-

200 3315 270 3382 licis
284 3303 515 3381 recordationis
531 3315 622 3403 Papa
636 3317 693 3381 IV.
709 3318 867 3382 sancitam
888 3314 997 3402 palam
1019 3323 1052 3379 et
1072 3313 1202 3400 publice
1229 3313 1406 3379 Nobiscum
1427 3316 1583 3378 omittant.
1606 3312 1697 3380 Deus

201 3433 308 3507 autem
335 3425 391 3489 det
417 3425 510 3491 nobis
536 3426 623 3508 fidei,
651 3427 780 3510 speiet
801 3425 966 3489 charitatis
994 3431 1217 3507 augmentum,
1244 3433 1278 3487 et
1299 3432 1334 3486 ut
1355 3443 1536 3485 mereamur
1557 3425 1697 3507 assequi,
1737 3450 1740 3455 ’

200 3533 287 3619 quod
312 3534 480 3618 promittit,
509 3534 584 3620 Ipse
609 3556 670 3600 nos
696 3533 796 3598 faciat
824 3535 957 3616 amare,
977 3532 1063 3617 quod
1095 3535 1263 3619 praecipit.
1307 3531 1370 3595 Per
1396 3530 1560 3594 Christum
1586 3531 1697 3595 Domi-

199 3660 277 3704 num
298 3638 462 3704 Nostrum.
1021 3637 1026 3644 '

755 3821 894 3886 Forma
910 3822 1142 3907 juramenti.
1218 3837 1223 3895 ζ

301 3994 374 4080 Ego
396 3995 437 4060 N.
457 3993 552 4060 firma
572 3994 638 4059 fide
660 3995 767 4078 credo,
800 4003 833 4058 et
851 3995 1006 4080 profiteor
1026 3997 1134 4061 omnia
1166 4004 1199 4059 et
1220 3993 1357 4079 singula,
1384 4014 1467 4080 quac
1494 3996 1699 4059 continentur

202 4105 237 4166 in
258 4101 412 4187 Symbolo
433 4101 521 4185 fidei,
543 4124 606 4187 quo
629 4110 742 4167 sancta
762 4101 909 4166 Romana
930 4101 1079 4168 Ecclesia
1100 4100 1214 4185 utitur,
1236 4100 1401 4166 videlicet:
1424 4101 1530 4166 Credo
1549 4103 1584 4164 in
1598 4122 1696 4164 unurn

202 4209 324 4293 Deum,
351 4209 481 4273 Patrem
508 4212 776 4295 omnIpotentem,
805 4208 959 4273 factorem
987 4207 1067 4273 coeli
1095 4217 1127 4271 et
1154 4215 1269 4292 terrae,
1292 4207 1468 4273 visibilium
1491 4211 1641 4291 omnium,
1664 4216 1698 4273 et

201 4315 421 4379 invisibilium.
465 4314 507 4379 Et
518 4299 566 4379 ⁴'in
592 4337 692 4381 unum
720 4316 893 4381 Dominum
921 4315 1034 4381 Jesum
1057 4315 1231 4400 Christum,
1257 4315 1377 4380 Filium
1398 4316 1461 4379 Dei
1483 4318 1696 4400 unigenitum,

200 4430 234 4486 et
273 4442 317 4486 ex
343 4423 440 4486 Patre
466 4430 593 4505 natum,
619 4431 695 4487 ante
723 4425 831 4487 omnia
858 4423 998 4487 saecula
1041 4423 1148 4487 Deum
1177 4423 1217 4487 de
1243 4422 1329 4507 Deo,
1363 4423 1471 4487 lumen
1498 4423 1538 4487 de
1566 4423 1696 4506 lumine,

201 4528 310 4593 Deum
331 4548 445 4594 verum
467 4529 508 4593 de
529 4529 603 4594 Deo
623 4551 711 4594 vero.
754 4528 916 4612 (lenitum,
939 4552 1003 4595 non
1025 4531 1160 4615 factum,
1184 4529 1492 4596 consubstantialem
1518 4530 1616 4612 Patri,
1638 4551 1698 4614 per
1795 4523 1797 4526 ’

202 4658 298 4722 quem
317 4638 425 4702 omnia
439 4636 527 4701 facta
543 4643 627 4700 sunt
649 4635 715 4716 Qui
726 4644 857 4723 propter
866 4659 926 4702 nos
944 4638 1090 4703 homines
1113 4646 1145 4701 et
1165 4648 1297 4725 propter
1317 4646 1459 4704 nostram
1482 4637 1619 4703 salutem
1641 4636 1695 4701 de-

199 4741 326 4807 scendit
355 4741 396 4807 dc
422 4741 530 4809 coelis.
574 4742 617 4807 Et
643 4746 830 4809 iucarnatus
856 4754 907 4810 cst
935 4745 975 4810 de
1003 4737 1126 4831 Spiritu
1152 4753 1263 4810 sancto
1289 4768 1334 4810 ex
1360 4745 1465 4810 Maria
1491 4746 1631 4830 virgine:
1664 4752 1697 4809 ct

199 4851 293 4915 bomo
315 4850 498 4916 iacuisset
519 4849 705 4917 Crucifixus
726 4853 823 4916 etiam
843 4874 905 4939 pro
924 4853 1018 4918 'nobis
1040 4853 1101 4918 sub
1123 4853 1236 4918 Pontio
1259 4852 1372 4937 Pilato,
1394 4875 1512 4938 passus
1533 4861 1567 4917 et
1589 4852 1695 4938 sepul-

198 4967 332 5022 tuaest
376 4956 419 5020 Et
438 4961 615 5023 resurrexit
635 4961 731 5025 tertia
753 4960 816 5044 dic,
839 4962 1016 5027 secundum
1039 4962 1233 5048 Scripturas.
1273 4962 1317 5026 Et
1331 4959 1479 5026 ascendit
1497 4963 1533 5024 in
1552 4960 1693 5042 coelum;

199 5064 292 5128 sedet
311 5064 356 5130 ad
378 5063 546 5129 dexteram
566 5063 682 5131 Patris.
709 5066 753 5132 Et
773 5070 889 5133 iterum
904 5078 1066 5136 ¹venturus
1088 5078 1138 5134 est
1159 5092 1233 5134 cum
1255 5068 1358 5155 gloria
1374 5069 1524 5157 judicare
1546 5070 1639 5133 vivos
1661 5077 1694 5131 et

200 5181 361 5256 mortuos;
383 5173 481 5258 cujus
497 5174 591 5259 regui
611 5195 678 5240 non
698 5177 760 5241 erit
779 5175 864 5242 finis.
906 5175 950 5242 Et
969 5175 1182 5264 inSpiritum
1211 5185 1359 5244 sanctum
1379 5177 1566 5261 Dominum,
1594 5185 1627 5242 et
1647 5178 1693 5242 ri-

189 5300 196 5311 ·
1475 5275 1496 5342 3
