3960 5956
1652 300 1716 366 vn

323 488 406 554 (lum
439 496 546 555 autem
579 491 697 555 sacrati
729 491 837 576 operis
868 493 1148 574 instaurationem,
1180 502 1213 558 et
1245 493 1440 558 fomuuatum
1476 498 1715 562 instaurationis

225 595 363 661 fructum
384 618 448 662 non
469 597 595 661 Nostris
617 599 744 682 exiguis
767 598 935 663 conatibus
957 599 1112 681 tribuere,
1142 598 1201 664 sed
1223 599 1348 665 Vestris
1370 604 1477 686 potius
1499 605 1628 687 pietatis
1651 605 1716 670 sus·

225 701 337 787 fragiis
368 725 409 768 ac
439 706 562 769 meritis
593 704 742 769 lubenter
773 707 806 770 in
839 709 982 791 acceptis
1003 705 1124 770 referre
1146 705 1383 772 desideremus:
1416 712 1488 794 pias
1524 713 1714 796 praeprimis

224 809 390 873 charitatis
411 810 548 874 Vestrae
569 819 603 874 et
623 810 887 876 christifidelium
908 834 1022 898 preces
1045 835 1084 878 ac
1109 812 1339 898 postulationes
1367 818 1400 879 in
1422 816 1560 882 Domino
1582 821 1716 904 requiri·

225 936 306 980 mus.
328 953 369 965 —
392 904 492 981 Orate
513 917 655 1000 hahes,
677 928 713 982 ut
734 918 825 983 Deus
848 941 887 985 ae
901 920 1060 986 Dominus
1081 929 1190 985 noster
1218 920 1406 1005 „Synodum
1427 925 1575 1006 visitare,
1609 923 1716 1010 dispo-

225 1045 302 1090 nere
323 1033 356 1089 et
377 1024 571 1091 benedicere
598 1026 779 1112 dignetur.“
822 1027 1017 1111 Hortamini,
1053 1027 1162 1095 dilecti
1188 1030 1350 1115 pastores!
1384 1030 1590 1096 charissimos
1619 1053 1716 1096 curae

226 1141 353 1198 vestrae
375 1133 578 1198 concreditos
599 1133 724 1215 fideles,
745 1141 781 1198 ut
802 1133 1081 1199 Sacramentomm
1104 1135 1358 1221 frequentatione
1380 1136 1550 1222 purificati,
1579 1160 1618 1204 eo
1638 1138 1717 1203 ube-

225 1242 340 1304 riorem
368 1238 470 1305 Nobis
497 1262 592 1326 opem
621 1240 661 1305 de
691 1241 789 1307 coelis
822 1242 1126 1336 supplicationibus,
1153 1245 1289 1328 jejuniis
1317 1244 1452 1331 aliisque
1482 1248 1543 1330 piis
1565 1244 1718 1332 operibus

225 1349 397 1432 impetrare
418 1357 611 1430 mereantur,
634 1351 712 1422 „tec
727 1353 922 1432 preenpne,
943 1359 1091 1415 monente
1114 1373 1139 1414 s.
1162 1351 1278 1416 Oarolo
1299 1351 1511 1435 Borromaeo,
1535 1363 1718 1436 precantes,
1793 1418 1796 1424 .

224 1463 262 1518 nt
282 1456 443 1538 adjutrice
464 1457 532 1520 Dei
551 1458 680 1540 matie,
709 1478 791 1539 qnae
812 1458 857 1519 cd
878 1477 972 1520 suem
991 1467 1022 1522 et
1042 1459 1088 1521 cd
1107 1459 1256 1539 itionem,
1286 1481 1422 1543 qnorum
1442 1481 1539 1524 carae
1559 1463 1720 1526 commissi

223 1571 314 1643 ssent,
349 1563 488 1628 salntem
514 1566 695 1646 pertinent,
723 1566 785 1646 pic
816 1565 1030 1649 religioseque
1061 1565 1277 1630 solicitudine
1308 1569 1344 1630 in
1373 1568 1513 1632 Connlio
1542 1577 1717 1652 apcntar.“

224 1669 345 1754 (Edict
368 1669 409 1735 de
430 1668 528 1736 Cone.
550 1671 645 1736 Prov
668 1670 723 1755 V)

332 1825 479 1909 Quem
470 1853 504 1895 m
535 1829 632 1905 finem
665 1831 846 1895 sanctiones
878 1837 911 1939 et
946 1828 1134 1894 traditiones
1166 1829 1404 1895 ecclesiasticas
1436 1834 1489 1916 pie
1522 1841 1715 1900 venerantes

226 1939 395 2022 sequentia
415 1936 616 2004 ordinamus:

309 2106 337 2168 1.
358 2104 468 2169 Tertia
490 2114 564 2169 ante
587 2103 742 2168 indictum
764 2102 886 2187 Synodi
908 2103 1076 2167 exordium
1093 2101 1306 2185 hebdomade,
1328 2104 1362 2169 id
1376 2113 1427 2169 est
1441 2107 1618 2170 Dominicis
1629 2107 1718 2172 XII.

222 2220 297 2293 post
327 2213 546 2286 Pentecosten,
582 2210 755 2297 praelectis
786 2212 923 2295 primum
955 2233 998 2274 ex
1030 2210 1168 2275 ambone
1212 2209 1314 2277 literis
1345 2211 1472 2278 Nostris
1502 2212 1719 2298 pastoralibus

225 2316 469 2383 saluberrimam
490 2317 706 2383 Consiliorum
728 2319 958 2382 institutionem
979 2340 1115 2383 nervoso
1138 2339 1284 2384 sermone
1299 2322 1477 2404 exponetis,
1500 2320 1718 2409 populumque

225 2424 392 2508 docebitis,
415 2435 536 2512 quanta
557 2428 599 2490 sit
619 2425 763 2490 fidelium
785 2424 828 2489 ad
849 2425 1016 2490 faciendas
1042 2426 1293 2512 supplicationes
1314 2426 1478 2511 obligatio,
1508 2437 1541 2493 et
1561 2428 1718 2495 bonorum

224 2556 367 2620 operum,
390 2556 524 2620 quorum
546 2535 736 2598 exercitium
758 2554 857 2618 supra
878 2532 1183 2617 commendavimus,
1206 2533 1391 2602 redundans
1405 2543 1473 2599 tum
1490 2537 1524 2600 in
1539 2534 1718 2621 Synodum,

225 2651 291 2706 tum
313 2644 346 2706 in
367 2645 456 2728 ipsos
477 2641 591 2708 fideles
612 2643 775 2706 meritoria
795 2639 927 2705 utilitas.

323 2802 353 2865 2.
385 2799 439 2866 Ab
465 2801 527 2866 hoc
554 2810 698 2887 tempore
726 2822 829 2886 usque
858 2799 900 2864 ad
929 2798 1065 2865 Concilii
1091 2802 1346 2866 terminationem
1380 2801 1497 2886 singuli
1531 2800 1717 2892 sacerdotes

225 2907 360 2973 blissam
389 2907 590 2973 celebrantes
618 2909 826 2995 praescriptis
856 2916 965 2973 tenore
994 2907 1092 2972 officii
1114 2907 1312 2973 orationibus
1335 2909 1509 2974 Collectem
1529 2911 1568 2972 de
1590 2911 1720 2993 Spiritu

224 3025 334 3081 senno
357 3015 545 3102 adjungant,
568 3017 714 3101 exceptis
738 3015 895 3080 duntaxat
916 3015 1008 3080 festis
1030 3015 1213 3105 duplicibus
1242 3018 1366 3101 primae
1396 3026 1429 3081 et
1451 3017 1614 3083 secundae
1636 3017 1717 3083 clas·

225 3125 287 3205 sis3
310 3134 384 3209 post
405 3124 539 3189 Missam
561 3132 668 3187 autem
690 3122 906 3209 parochialem
936 3126 1104 3207 quinquies
1126 3118 1304 3188 orationem
1324 3126 1517 3188 dorninicasn
1538 3134 1568 3188 et
1589 3125 1719 3190 saleta-

226 3235 341 3296 tionem
362 3234 550 3317 eapeliccm,
574 3253 718 3298 necnon
741 3238 913 3317 sequentes
936 3230 1097 3297 Collectas
1118 3230 1229 3316 lingua
1250 3230 1424 3296 vernacula
1446 3232 1645 3317 persolvent:

323 3381 534 3469 Omnipotens
557 3353 749 3469 sempiterne
781 3381 891 3465 Deus,
920 3383 976 3466 qui
996 3357 1124 3467 populis
1153 3382 1216 3445 tuis
1237 3389 1271 3445 et
1291 3379 1492 3465 indulgentia
1523 3381 1664 3446 consulis
1686 3390 1719 3447 et

224 3512 332 3555 amore
351 3490 535 3574 dominaris,
554 3490 597 3555 da
615 3490 769 3577 Spiritum
786 3491 963 3576 sapientiae
981 3499 1065 3572 tuas,
1079 3488 1197 3575 quibus
1211 3488 1328 3554 dedisti
1349 3491 1495 3573 regimen
1517 3488 1717 3575 disciplinae,
1841 3536 1843 3540 -

224 3609 260 3663 ut
283 3600 323 3665 de
344 3599 491 3686 profectu
512 3607 696 3664 sanctarum
717 3598 825 3663 ovium
847 3597 926 3663 fiant
946 3597 1068 3683 gaudia
1088 3605 1220 3661 aeterna
1241 3604 1416 3682 pastorum.

325 3758 426 3840 Deus,
457 3760 512 3845 qui
542 3757 623 3823 facis
650 3757 809 3823 mirabilia
838 3779 957 3842 magna
986 3756 1083 3840 solus,
1113 3753 1288 3841 praetende
1315 3775 1412 3841 super
1433 3752 1571 3818 famulos
1592 3761 1664 3817 tuos
1685 3760 1719 3817 et

226 3887 325 3951 super
338 3869 613 3958 congregationes
634 3865 697 3933 illis
719 3869 908 3932 commissas
930 3867 1075 3952 spiritum
1097 3865 1223 3949 gratiae
1245 3861 1409 3943 salutaris,
1431 3870 1464 3925 et
1484 3869 1521 3925 ut
1534 3863 1568 3926 in
1581 3860 1718 3925 veritate

224 3972 299 4038 Tibi
321 3973 551 4060 complaceant,
573 3967 764 4062 perpetuum
787 3977 835 4039 eis
857 3996 961 4038 rorem
983 3972 1217 4038 benedictionis
1232 3969 1381 4035 infunde.

318 4106 458 4189 Adesto,
481 4087 687 4194 quaesumus,
709 4105 967 4172 invocationibus
988 4107 1105 4170 nostris
1137 4112 1249 4168 auctor
1280 4105 1351 4189 ipse
1373 4104 1502 4189 pietatis
1524 4110 1557 4167 et
1577 4109 1717 4187 praesta,

225 4221 261 4277 ut
290 4214 376 4299 quod
408 4214 546 4280 fideliter
577 4217 725 4301 petimus,
758 4215 935 4280 efficaciter
966 4233 1210 4299 consequamur.
1254 4211 1317 4276 Per
1352 4210 1515 4309 Christum
1545 4209 1718 4273 Dominum

226 4330 378 4388 nostrum.
397 4320 399 4325 ’
421 4323 536 4388 Amen.

307 4479 337 4544 3.
381 4481 556 4545 Dominica
584 4480 690 4546 XVI.
712 4489 790 4563 post
818 4479 1035 4553 Pentecosten,
1067 4478 1101 4544 in
1130 4499 1226 4565 quam
1259 4478 1320 4542 hcc
1340 4498 1424 4542 anno
1451 4475 1565 4541 incidit
1585 4474 1718 4539 Festum

146 4609 153 4620 ·
227 4588 261 4653 8.
282 4586 450 4653 Ludmilae
472 4586 626 4673 Martyris
647 4598 680 4652 et
711 4588 870 4653 Patronae
892 4587 1007 4674 Regni,
1029 4590 1103 4650 ruri
1131 4585 1306 4651 ameridie
1328 4582 1528 4683 ordinabitur
1549 4583 1718 4648 Processio
1827 4574 1835 4597 ⁸

225 4693 368 4762 fidelium
397 4696 439 4761 ad
472 4697 611 4761 vicinam
640 4694 693 4761 vel
724 4695 896 4761 ecclesiam
927 4693 1057 4759 filialem
1097 4693 1149 4760 vel
1178 4692 1335 4779 capellam
1364 4701 1420 4757 aut
1456 4689 1619 4777 publicam
1654 4699 1717 4754 sta-

224 4802 543 4890 tuam,ibidemque
572 4811 701 4890 praeter
729 4804 889 4868 orationes
921 4804 1085 4888 praelatas
1119 4802 1264 4867 Litaniae
1296 4803 1435 4884 majores
1468 4821 1540 4864 cum
1566 4795 1718 4884 precibus

230 4914 393 4978 consuetis
415 4922 621 5007 peragantur.
661 4913 795 4995 Prepee
816 4920 924 4975 antem
946 4911 1061 4975 cadem
1083 4909 1256 4974 Dominica
1284 4908 1421 4974 horati.
1444 4908 1601 4972 matutina
1631 4924 1718 4985 com·
1792 4922 1797 4929 '

225 5023 329 5088 munis
361 5023 503 5087 omnium
536 5018 766 5085 Parochiarum
799 5019 966 5085 Pmoessio
1002 5016 1203 5083 ordinabitur
1239 5040 1282 5081 ex
1314 5015 1449 5081 basilica
1481 5012 1667 5102 Teynensi
1656 4988 1720 5079 sd

226 5149 353 5197 sacram
386 5129 664 5216 metropolitanam
703 5129 884 5195 ecclesiam.
931 5129 969 5194 ln
1001 5147 1041 5191 ea
1075 5125 1286 5192 Processione
1318 5125 1464 5190 bitaniae
1496 5124 1636 5208 majores
1666 5121 1719 5208 pie
