3960 5956
1625 338 1702 404 LIII

207 545 289 630 ipsi,
324 539 453 606 Dilecta
481 539 543 604 Fili
573 540 707 621 Noster,
740 548 772 603 et
800 538 923 602 eisdem
945 535 1197 600 Venerabilibus
1225 533 1391 599 Fratribus
1416 534 1588 620 EpiscopIs
1609 537 1702 607 istius

206 649 446 715 ecclesiasticae
467 647 641 732 Pragensis
662 648 856 732 provinciae,
880 646 1067 730 cunctisque
1086 640 1230 724 Clericis,
1252 642 1422 727 Laicisqne
1444 639 1595 704 fidelibus
1610 641 1700 706 Tuae
1819 647 1822 652 '

80 793 85 801 ·
208 765 240 820 et
260 756 387 821 illorum
410 777 506 820 curae
528 753 721 819 concreditis
742 751 945 840 peramanter
965 752 1175 836 impertimus.
1351 735 1355 742 ¹

304 863 425 928 Datum
451 862 572 927 Romae
599 861 686 947 apud
715 859 747 924 S.
769 860 899 924 Petrum
930 858 982 924 die
1011 859 1039 924 i.
1061 857 1201 941 Augusti
1230 857 1325 921 Anno
1359 856 1449 922 1862.
1492 855 1701 921 Pontiticatus
1735 932 1738 939 ¹

207 972 318 1038 Nostri
338 991 422 1037 anno
448 970 574 1036 decimo
597 971 742 1055 septimo.

1346 1046 1424 1110 Pius
1446 1046 1509 1110 ΡΡ.
1532 1046 1591 1111 ΙΧ.
1695 1115 1698 1119 ,

241 1271 281 1396 a
314 1300 477 1384 nunu
503 1298 816 1385 eminentissimi
844 1297 1077 1380 cainiani
1096 1295 1274 1380 carenni
1299 1294 1387 1420 sc.
1415 1294 1448 1376 c.
1476 1293 1676 1378 riaciani

718 1423 765 1505 de
799 1422 932 1505 codem
957 1424 1203 1524 argumento.

392 1623 657 1687 Eminentissimc
679 1643 718 1685 uc
738 1622 1016 1686 Reuerendissime
1038 1620 1178 1684 Domine
1202 1619 1516 1682 Obserccndissime!

307 1776 395 1841 Inter
423 1774 616 1860 multiplices
645 1784 677 1840 et
705 1775 853 1840 assiduas
882 1776 1084 1860 negotiorum
1113 1774 1404 1840 ecclesiasticorum
1430 1795 1541 1849 curas,
1582 1772 1701 1859 quibua

207 1885 289 1948 haec
306 1882 339 1948 S.
354 1880 569 1968 Congregatio
590 1883 770 1948 Tridentini
788 1883 872 1966 juris
893 1885 1051 1968 interpres
1063 1904 1105 1974 ac
1126 1881 1247 1968 vindex
1259 1882 1478 1945 indesinenter
1492 1881 1702 1966 dIstringitur,

208 1990 288 2055 nihil
320 1992 443 2075 gratius
474 1989 581 2086 ,eidem
612 1990 761 2055 accidere
794 1989 891 2072 solet,
925 2010 1020 2075 quam
1053 1997 1196 2053 actorum
1229 1988 1493 2073 decretorumque
1514 1982 1701 2072 recognitio,

209 2118 292 2182 quae
313 2099 347 2160 in
368 2095 572 2182 Synodorum
599 2096 843 2183 provincialium
865 2095 1080 2162 celebratione
1102 2096 1353 2182 promulgantur,
1385 2094 1487 2181 probe
1510 2097 1626 2178 sciens,
1648 2116 1703 2160 ve·
1835 2090 1838 2097 ’

209 2202 268 2269 luti
289 2204 454 2289 praeclare
475 2203 584 2289 ajebat
605 2204 638 2269 S.
660 2203 704 2268 M.
727 2203 915 2269 Alexander
935 2205 1009 2270 VII.
1032 2205 1141 2269 Const.
1163 2205 1204 2269 20
1220 2208 1249 2286 ξ.
1273 2204 1308 2267 8:
1332 2204 1449 2280 „Nitil
1462 2205 1629 2287 frequenti
1643 2204 1705 2287 Sy·

210 2313 369 2377 amnem
409 2313 617 2377 celebratione
646 2312 842 2395 populorum
874 2310 992 2386 scium,
1036 2333 1075 2375 cc
1110 2309 1211 2376 ceteri
1238 2312 1433 2396 disciplinae
1464 2294 1707 2376 constituendae

212 2422 448 2486 accmnodutius
475 2430 539 2496 est,
572 2422 678 2503 eisquc
706 2421 916 2500 intermissis,
949 2441 1069 2502 meque
1082 2423 1132 2504 ¹,iu
1157 2423 1300 2484 moritis
1325 2422 1473 2484 continuo
1506 2420 1551 2482 cd
1585 2439 1707 2482 omnem

213 2530 450 2610 improunun
470 2551 509 2593 a
526 2531 682 2613 peccasse
711 2527 874 2592 tibicinae
889 2532 986 2611 suu
1000 2515 1072 2612 scu
1093 2531 1307 2594 insternar

310 2652 409 2725 Porro
431 2683 505 2726 cum
527 2663 755 2727 Sanctissimns
778 2661 936 2749 Dominus
958 2658 1075 2725 Noster
1096 2659 1311 2726 Consiliorum
1333 2659 1578 2746 provincialium
1598 2660 1704 2725 redin-

211 2768 431 2852 tegrationem,
454 2766 553 2832 veluti
575 2763 745 2833 medendis
759 2758 863 2852 ¹hujus
885 2771 958 2833 aevi
980 2767 1072 2833 malis
1088 2770 1241 2854 optImum
1259 2767 1447 2850 remedium,
1470 2768 1705 2852 sapientissime

212 2873 495 2958 commendaverit,
517 2897 556 2939 ac
577 2873 637 2956 Tu,
659 2874 920 2950 Eminentissime
949 2875 1103 2957 Domine,
1133 2874 1315 2959 hujusmodi
1343 2879 1417 2941 voci
1449 2874 1587 2940 libenter
1616 2874 1707 2939 obse·

212 2992 305 3048 cutus
327 2983 446 3048 nedum
467 3003 550 3048 anno
574 2982 655 3047 1860
676 2983 905 3066 Suffragancos
927 2992 999 3048 tuos
1020 2985 1054 3048 i'n
1071 2983 1264 3067 ‘synodalem
1278 2977 1471 3049 conventum
1492 2983 1617 3067 Pragae
1633 3004 1706 3046 con·

212 3094 410 3176 gregaveris,
433 3091 490 3156 sed
512 3093 608 3156 etiam
630 3090 715 3155 illius
737 3101 809 3155 acta
831 3101 863 3155 et
884 3091 1015 3157 decreta
1044 3091 1259 3177 expendenda
1289 3091 1331 3156 ad
1352 3090 1505 3159 Sanctam
1526 3091 1643 3156 Sedem
1666 3111 1709 3154 ex

212 3197 339 3263 Sixtina
351 3199 425 3284 lege
441 3198 604 3283 detuleris,
626 3221 685 3284 per
698 3199 745 3264 Te
768 3200 928 3283 conjicere
949 3210 1050 3286 potes,
1073 3209 1193 3287 quanta
1208 3198 1419 3288 delectatione
1433 3199 1581 3264 affeceris
1602 3201 1708 3284 ipsum

212 3304 457 3372 Samnisimum
488 3307 671 3389 Dominum
695 3305 863 3390 Nostrum,
896 3309 949 3371 cui
982 3308 1043 3372 hac
1076 3307 1116 3371 de
1147 3330 1183 3370 re
1216 3310 1384 3392 speciatim
1410 3307 1496 3372 facta
1516 3315 1566 3371 est
1586 3305 1708 3390 relatio,

213 3435 273 3478 neo
291 3437 354 3480 non
375 3414 654 3479 Eminentissimos
675 3413 788 3479 Patres
818 3411 853 3479 S.'
873 3416 1008 3499 hujusce
1030 3417 1314 3500 congregationis,
1338 3417 1430 3498 eujus
1451 3418 1521 3500 ipse
1543 3413 1710 3499 praeclara

213 3542 287 3606 para
308 3542 354 3605 es,
376 3531 409 3586 et
430 3543 526 3607 quam
548 3523 681 3606 egregia
701 3525 846 3587 vicissim
866 3511 1115 3606 gratulationum
1148 3525 1330 3587 testimonia
1351 3544 1410 3606 per
1431 3544 1481 3584 me
1503 3521 1579 3586 Titi
1602 3520 1708 3606 perhi-

213 3629 283 3693 beri
314 3632 479 3695 merueris.
522 3630 566 3694 Et
592 3651 669 3695 sane
696 3632 725 3695 si
754 3652 793 3694 ea
821 3634 1050 3716 respiciantur,
1080 3653 1162 3718 quae
1196 3632 1237 3695 ab
1265 3631 1450 3696 Eminentia
1477 3629 1548 3694 Tua
1580 3630 1707 3713 tuisque

213 3734 433 3820 Suffraganeis
453 3738 488 3801 in
509 3735 652 3802 Concilio
681 3737 869 3822 provinciali
892 3743 1064 3805 constituta
1086 3749 1169 3823 sunt,
1199 3742 1321 3805 auctior
1349 3737 1547 3823 ampliorque
1576 3735 1708 3800 laudum

213 3853 340 3907 tuarum
360 3843 507 3909 cumulus
529 3844 682 3928 efficitur;
708 3845 762 3910 illa
784 3848 947 3933 siquidem
970 3850 1100 3914 decreta
1123 3857 1303 3934 opportuna
1324 3856 1356 3911 et
1377 3846 1522 3911 efficacia
1543 3848 1614 3910 visa
1636 3850 1710 3907 sunt

211 3974 273 4033 pro
294 3954 501 4018 vacuandis
523 3957 674 4030 moritus,
687 3958 885 4037 concinendis
908 3960 1096 4032 excessibus,
1120 3957 1345 4022 controuersiis
1359 3955 1594 4039 componendis,
1617 3953 1707 4016 eliis-

105 4114 122 4141 ,
214 4081 274 4142 que
294 4081 334 4126 cic
354 4064 461 4128 sacris
482 4063 657 4126 canonibus
673 4065 856 4145 permissis,
890 4066 945 4149 qui
973 4065 1070 4148 juxta
1098 4063 1233 4129 Consilii
1261 4063 1441 4128 Tridentini
1470 4062 1556 4128 Sess.
1581 4060 1722 4145 xxiv„

214 4189 286 4252 cap.
308 4168 338 4233 2.
361 4168 400 4232 de
423 4168 494 4232 Res.
516 4167 616 4233 verba
636 4168 710 4233 finis
732 4179 781 4233 est
803 4169 985 4253 hujusmodi
1001 4181 1225 4237 conventuum.

314 4300 442 4365 Etenim
469 4303 581 4366 merito
597 4302 791 4387 sperandum
814 4312 863 4368 est
884 4304 963 4369 illud
985 4305 1063 4387 iore,
1086 4307 1175 4370 utin
1196 4314 1369 4391 posterum,
1391 4306 1484 4369 novis
1502 4302 1565 4367 illis
1580 4282 1707 4385 legibus

214 4409 288 4474 istIc
309 4410 343 4473 in
364 4431 458 4474 usum
480 4409 637 4493 deductis,
659 4413 693 4475 in
715 4413 826 4495 primis
849 4415 904 4497 qui
926 4435 1003 4478 vasa
1025 4414 1156 4478 Domini
1178 4415 1293 4496 ferimt,
1319 4416 1429 4498 utique
1451 4410 1653 4493 mundentur,
1675 4418 1708 4472 et

215 4516 271 4602 qui
293 4517 334 4581 ad
356 4540 447 4603 spem
468 4519 634 4584 Ecclesiae
657 4520 879 4604 subcrescunt,
901 4529 1064 4607 tamquam
1084 4521 1207 4606 lignum
1222 4522 1320 4585 futuri
1335 4523 1407 4602 sint,
1430 4520 1516 4605 quod
1530 4519 1708 4605 plantatum

216 4635 265 4689 est
287 4648 381 4693 secus
403 4626 574 4692 decoram
595 4650 760 4712 aquarum,
783 4628 869 4714 quod
891 4628 1029 4694 fructum
1051 4652 1144 4693 suum
1175 4629 1264 4694 dabit
1286 4637 1428 4713 tempore
1452 4650 1519 4692 suo.
1563 4626 1707 4690 Subinde

215 4734 292 4800 lidei
320 4757 430 4811 semen
455 4739 489 4801 in
515 4758 686 4823 puerorum
713 4739 828 4801 animis
855 4748 977 4802 mature
1007 4760 1045 4802 ac
1075 4737 1248 4822 diligenter
1276 4739 1417 4821 insitum,
1445 4747 1478 4800 et
1499 4735 1606 4799 solerti
1629 4737 1708 4800 assi·

216 4842 343 4930 duaque
366 4867 444 4910 cura
464 4848 498 4911 in
519 4845 637 4910 adultis
658 4844 822 4911 excultum
844 4846 1024 4912 uberrimas
1040 4849 1187 4932 justitiae
1203 4849 1313 4933 fruges
1328 4849 1397 4912 sine
1414 4846 1511 4911 dubio
1527 4847 1708 4930 progignat.

216 4951 288 5016 Deo
309 4956 494 5040 sanctisque
516 4955 685 5022 coelitibus
708 4957 836 5023 debitus
858 4958 962 5022 cultus
985 4957 1202 5040 exhibebitur,
1228 4957 1313 5021 undc
1335 4957 1446 5040 major,
1469 4976 1549 5040 quac
1573 4955 1709 5016 debetur

216 5060 298 5145 Deo,
319 5060 431 5147 gloria,
451 5065 558 5149 ,maJus
580 5068 696 5152 populo
719 5068 835 5136 Vestro
858 5094 875 5135 c
899 5070 987 5137 coelo
1008 5070 1205 5156 praesidium
1223 5069 1391 5134 derivabit.
1435 5067 1640 5130 Sacramenta
1661 5065 1707 5124 iu-

215 5190 313 5256 super
335 5171 432 5256 juxta
463 5175 544 5239 ritus
577 5196 615 5241 ac
647 5184 866 5250 caeremonias
899 5184 940 5250 ab
970 5181 1119 5249 Ecclesia
1140 5183 1332 5273 approbatas
1354 5178 1574 5244 administrata
1595 5172 1709 5257 potiori
