3960 5956
1679 349 1720 413 85

229 565 378 648 tamur,
399 562 491 631 uta
520 550 689 630 terrenis
709 549 831 657 hujus
852 549 1002 629 saeculi
1024 548 1243 632 desideriis·
1255 562 1296 632 et
1315 550 1517 633 illecebris
1546 550 1720 632 sollicite

230 682 307 765 sibi
329 692 532 781 caventes,
554 680 726 762 alteram
747 682 913 789 insuper
932 681 1036 790 legis
1053 680 1215 765 sabbati
1236 694 1394 791 partem
1414 681 1719 790 religiosissime

231 813 469 912 observent,
517 841 643 922 quam
679 811 886 894 Dominus
914 813 985 894 his
1020 815 1194 895 sancivit
1228 814 1383 896 verbis:
1434 812 1540 914 ,Sex
1575 812 1719 896 diebus

232 944 465 1054 operaberis
505 955 545 1027 et
589 924 716 1025 facies
753 947 891 1027 omnia
929 973 1054 1054 opera
1092 955 1176 1027 tua.
1246 945 1432 1053 Septimo
1473 955 1611 1027 autem
1651 945 1718 1027 die

231 1076 451 1159 sabbatum
491 1076 663 1158 Domini
701 1076 781 1158 Dei
820 1079 881 1157 tui
920 1087 1001 1158 est:
1056 1106 1142 1158 nou
1182 1079 1307 1159 facies
1356 1106 1479 1158 omne
1524 1105 1629 1184 opus
1674 1078 1716 1157 in

229 1219 317 1292 eo‚“
337 1206 372 1289 6)
404 1206 543 1308 Quum
571 1211 681 1291 enim
711 1208 805 1290 finis
834 1209 938 1319 legis
968 1212 1031 1310 sit,
1062 1222 1108 1291 ut
1126 1209 1254 1290 homo
1275 1221 1394 1290 vacet
1413 1210 1536 1292 'rebus
1556 1209 1716 1307 divinis,

174 1367 177 1371 ’
228 1344 299 1451 qui
344 1340 599 1451 significatur
647 1340 782 1423 verbis
827 1345 1012 1449 proxime
1047 1342 1424 1450 praecedentibust.
1471 1341 1716 1440 „Memento

183 1533 186 1537 ⁴
228 1485 274 1556 ut
303 1474 415 1556 diem
442 1473 604 1555 sabbati
632 1473 897 1572 sanctifices,“
938 1475 1216 1583 quidcrmrque
1244 1473 1431 1554 divinum
1452 1473 1609 1554 cultum
1639 1475 1718 1554 im·
1858 1543 1862 1559 .

233 1605 372 1714 pedire
411 1607 552 1714 possit,
589 1617 629 1685 et
669 1634 792 1686 omne
822 1606 978 1688 servilis
1009 1608 1143 1717 operis
1178 1634 1309 1715 genus
1349 1606 1426 1689 sub
1463 1606 1581 1714 gravi
1621 1632 1717 1712 peo-

232 1748 325 1820 cato
349 1739 616 1847 prohibetur,
656 1766 740 1819 non
771 1738 939 1847 quidem
970 1740 1084 1819 acsi
1114 1766 1189 1819 sua
1219 1750 1365 1821 natura
1394 1750 1466 1819 aut
1494 1748 1613 1845 turpe
1642 1748 1715 1819 aut

228 1869 386 1953 malum
416 1871 479 1970 sit,
516 1870 589 1952 sed
618 1872 815 1977 quoniam
844 1881 1027 1953 mentem
1056 1881 1241 1953 nostram
1271 1900 1297 1952 8
1326 1871 1468 1952 divino
1499 1870 1611 1952 cultu
1640 1868 1716 1952 ab·

228 2002 384 2084 suatur.
407 1999 440 2083 l)
500 2003 691 2085 Vitentur
720 2031 819 2112 ergo
850 2031 976 2111 opera
1005 2004 1192 2105 forensia,
1234 2031 1340 2112 quae
1370 2014 1529 2085 mentes
1569 2030 1596 2083 a
1625 2001 1717 2084 Deo

227 2146 406 2219 avocant
435 2147 476 2217 et
505 2137 684 2244 quietem
697 2190 700 2196 ·
715 2136 873 2218 dierum
894 2163 1103 2218 sacrorum
1133 2138 1304 2245 strepitu
1330 2133 1508 2234 turbant,
1538 2126 1718 2216 vitentur
1795 2165 1798 2172 ·

227 2268 299 2350 illa
338 2269 510 2367 servilia,
551 2265 700 2377 quibus
730 2268 857 2350 homo
888 2259 1047 2349 homini
1087 2271 1221 2371 servit,
1264 2295 1452 2378 quaeque
1482 2295 1508 2347 a
1546 2292 1716 2372 corpore

229 2401 407 2482 exercita
435 2401 489 2482 ad
518 2391 674 2482 meram
704 2401 890 2481 mortalis
919 2403 1103 2509 corporis
1133 2401 1350 2483 utilitatem
1381 2399 1632 2481 ordinantur.

343 2529 452 2630 Quia
480 2559 590 2633 ver0,
628 2532 729 2613 dum
759 2560 885 2640 opera
924 2534 1027 2613 haec
1056 2524 1327 2632 recensentur,
1368 2532 1476 2613 circa
1505 2530 1715 2628 nonnulla,

227 2679 363 2746 utrum
391 2664 485 2774 lege
521 2667 648 2746 vetita
687 2667 779 2762 sint,
809 2693 962 2773 anceps
997 2665 1163 2747 haerere
1202 2667 1334 2773 possit
1364 2663 1590 2772 judicium:
1631 2672 1715 2743 sta-

226 2797 389 2893 tuimus,
420 2807 466 2877 ut
494 2796 567 2879 ubi
596 2800 727 2906 pietas
757 2798 941 2880 fidelium
971 2827 1046 2906 pro
1077 2826 1191 2878 more
1220 2799 1423 2905 majorum
1445 2797 1489 2876 iu
1515 2795 1715 2876 honorem

226 2926 305 3009 Dei
334 2939 376 3009 et
405 2928 673 3011 sabbatorum
712 2933 799 3038 ejus
838 2959 864 3011 a
893 2923 1049 3013 talibus·
1084 2930 1289 3012 abstinere
1318 2928 1486 3026 mavult,
1522 2928 1715 3037 religiosa

224 3059 327 3142 haee
355 3059 520 3142 traditio
551 3072 591 3142 et
620 3064 732 3143 avita
760 3063 1013 3144 consuetudo
1054 3064 1274 3145 retineatur
1302 3073 1344 3144 et
1382 3047 1574 3143 servetur.
1634 3059 1714 3141 His

102 3223 105 3228 ·
227 3191 280 3274 de
308 3203 443 3274 cetero
474 3221 560 3276 non
589 3193 796 3301 prohiberi
827 3223 970 3302 opera,
994 3221 1100 3302 qnae
1120 3197 1307 3302 proxime
1338 3194 1393 3275 ad
1423 3193 1579 3297 cultum
1609 3192 1715 3274 divi·

226 3351 326 3406 num
366 3330 564 3432 spectant,
614 3326 680 3408 vel
719 3354 826 3434 quae
865 3329 1086 3408 necessitas
1126 3329 1211 3409 sive
1251 3327 1418 3436 propria
1457 3326 1543 3406 sive
1582 3324 1717 3405 aliena

227 3457 370 3564 poscit,
401 3458 568 3565 spiritus
598 3459 862 3568 evangelicae
896 3458 1000 3567 legis
1031 3459 1212 3566 loquitur
1251 3470 1293 3540 et
1321 3457 1557 3564 exemplum
1586 3458 1716 3564 ipsius

228 3583 380 3670 Christi
411 3588 583 3670 Domini
613 3589 782 3672 indubie
813 3590 943 3672 docet.
1781 3592 1785 3601 “

343 3718 483 3832 Quum
521 3732 661 3804 autem
700 3723 882 3804 humana
918 3723 1118 3833 fragilitas
1148 3724 1423 3806 excusationis
1464 3748 1629 3818 causas,
1670 3722 1714 3801 in

225 3855 401 3964 propriis
429 3858 668 3964 praesertim
697 3858 1007 3940 necessitatibus
1036 3856 1155 3939 facile
1185 3857 1263 3940 sibi
1299 3855 1534 3964 confingere
1564 3853 1714 3934 soleat:

226 4015 443 4071 monemus
472 3988 614 4069 fideles
643 3997 817 4088 nostros,
847 4001 894 4072 ut
923 3991 966 4070 in
987 3989 1149 4072 casibus
1180 3989 1316 4073 dubiis
1334 4015 1421 4106 suo
1451 3986 1622 4068 minime
1643 3987 1715 4095 ju·
1802 4071 1804 4073 ,

225 4120 334 4202 dicio
364 4121 681 4228 acquiescentes,
721 4123 891 4228 parochi
932 4125 1070 4231 potius
1109 4123 1353 4204 sententiam
1393 4120 1472 4204 sibi
1512 4130 1715 4227 expetant,

227 4259 299 4360 per
329 4280 452 4360 quem
481 4252 665 4359 alioquin
689 4266 860 4364 urgente
886 4257 1127 4337 necessitate
1156 4253 1211 4336 ad
1240 4253 1471 4361 pacandam
1502 4252 1715 4333 conscien-

167 4487 173 4493 .
232 4383 334 4465 tiam
363 4383 686 4492 dispensationis
710 4386 912 4500 beneficio
942 4387 1087 4470 donari
1117 4396 1321 4496 poterunt.
1496 4378 1504 4391 ⁸

343 4514 427 4624 lpsi
458 4527 596 4598 autem
626 4519 857 4601 animamm
897 4530 1081 4628 pastores
1121 4523 1165 4601 in
1193 4519 1408 4628 largienda
1446 4516 1716 4625 procacibus

227 4647 540 4754 particularibus
561 4649 865 4758 dispensatione
895 4680 1030 4760 neque
1051 4657 1166 4762 justo
1197 4651 1398 4734 faciliores
1428 4677 1561 4759 neque
1591 4651 1715 4731 etiam

226 4779 349 4861 nimia
369 4807 533 4862 severos
563 4809 607 4862 se
626 4781 861 4889 praebeant,
891 4793 932 4864 et
961 4811 1045 4892 quo
1068 4785 1219 4866 certius
1240 4783 1470 4865 desiderata
1498 4784 1542 4864 in
1571 4777 1715 4892 hujus·

224 4911 338 4994 modi
368 4914 676 4995 remissionibus
716 4917 854 5023 praxis
883 4916 1067 5024 aequalis
1107 4917 1265 5024 vigeat:
1305 4914 1356 4995 de
1387 4915 1599 5022 principiis
1639 4915 1715 4998 ob-

270 5156 295 5237 0)
318 5154 422 5222 axos.
445 5156 495 5220 ao.
518 5157 630 5222 9-10.
678 5157 703 5240 ³)
724 5157 795 5222 oar.
818 5157 908 5223 sam.
931 5159 992 5224 100.
1015 5140 1112 5243 supra
1134 5160 1185 5222 ar
1209 5165 1331 5244 quaa
1354 5157 1404 5221 ar.
