3960 5956
1576 331 1711 400 ,11

167 571 170 577 ·
218 527 448 643 optandum
480 536 542 634 sit,
573 546 620 616 ut
649 536 795 617 nullibi
826 537 961 618 desint
990 537 1221 618 Sacerdotes
1252 538 1293 617 in
1330 536 1523 617 humanis
1561 537 1714 645 pariter

216 696 265 748 ac
295 667 445 749 divinis
475 670 655 750 scientiis
685 673 855 751 versati:
887 698 1084 779 magnam
1125 669 1289 751 laudem
1329 670 1595 750 merebuntur
1636 669 1712 749 viri

215 800 499 898 ecclesiastici,
540 804 610 909 qui
650 804 818 911 ingenio
859 785 1105 911 dotibusque
1136 803 1296 883 eximiis
1335 830 1360 882 a
1396 801 1488 883 Deo
1518 800 1706 916 praediti,
1747 813 1755 818 “

216 935 358 1042 utique
373 963 457 1016 nou
472 935 671 1044 neglectis
701 964 839 1017 sacrae
870 935 1104 1044 theologiae
1125 935 1341 1061 studiis'et
1360 936 1590 1019 vocationis
1612 962 1710 1015 suae

218 1067 375 1167 officiis,
406 1067 581 1150 solidam
613 1069 806 1178 scientiae
837 1069 972 1149 omnis
992 1069 1154 1176 generis
1176 1067 1378 1149 cultruam
1404 1069 1706 1176 acquisiverint,

217 1229 312 1284 eum
341 1203 605 1310 potissimum
635 1203 678 1282 in
708 1201 845 1302 finem,
876 1213 922 1281 ut
951 1201 1017 1281 vel
1056 1200 1269 1308 publicum
1309 1202 1352 1281 in
1393 1197 1632 1308 Gymnasiis
1671 1209 1713 1282 et

218 1333 563 1418 Universitatibus
602 1335 884 1443 magisterium
925 1333 1084 1441 adepti,
1126 1333 1191 1414 vcl
1231 1333 1333 1414 alias
1372 1361 1444 1414 seu
1489 1361 1592 1414 voce
1639 1360 1711 1423 seu

219 1469 372 1576 scripto
403 1477 630 1550 monstrare
660 1476 701 1548 et
729 1467 887 1550 mundo
917 1466 1161 1576 persuadere
1197 1467 1372 1567 valeant,
1407 1468 1525 1576 quod
1565 1476 1714 1579 cuncta
1770 1552 1773 1559 ,

104 1628 107 1634 ·
218 1602 425 1683 humanae
454 1601 624 1683 rationis
655 1609 695 1681 et
725 1602 983 1714 cognitionis
1004 1601 1232 1685 tentamina
1260 1600 1314 1683 ad
1345 1628 1579 1709 supremam
1615 1600 1711 1685 reli·
1794 1659 1797 1666 -

218 1735 355 1847 gionis
387 1734 631 1817 christianae
661 1743 816 1816 metam
845 1734 1061 1845 dirigenda
1090 1736 1183 1825 sint
1687 1712 1690 1720 Ι

185 1913 191 1919 -
333 1864 432 1950 Non
461 1868 611 1949 minori
640 1867 797 1949 honore
827 1896 877 1958 ac
911 1870 1095 1977 praemio
1126 1867 1242 1978 digni
1283 1876 1401 1949 erunt
1440 1864 1600 1967 Clerici,
1641 1867 1713 1977 qui

219 2001 399 2119 acceptis
430 2001 613 2109 quinque
641 1999 805 2083 talentis
835 2001 917 2083 alia
946 2002 1129 2111 quinque
1152 2001 1357 2101 luctaturi,
1378 2000 1713 2111 profirndioribus

219 2162 270 2217 ex
309 2133 493 2242 professo
533 2133 769 2244 theologiae
808 2133 954 2218 studiis
992 2136 1099 2217 vires
1139 2135 1473 2218 consecraverint.
1506 2126 1628 2236 adeo,
1668 2144 1715 2217 ut

219 2267 414 2351 scientiae
443 2265 742 2351 ecclesiasticae
771 2266 934 2376 probati
965 2267 1151 2378 magistri
1189 2294 1239 2348 ac
1273 2266 1457 2349 vindices
1497 2295 1585 2350 esse
1624 2296 1713 2351 mc·

103 2471 106 2477 ⁴
219 2411 394 2500 reanmr,
436 2411 477 2480 et
516 2401 798 2508 oppositiones
836 2399 929 2483 falsi
969 2383 1149 2482 nominis
1188 2401 1382 2484 scientiae
1422 2428 1525 2482 voce
1554 2403 1712 2485 victrici

219 2536 503 2646 perstringere,
534 2533 575 2615 et
604 2532 764 2616 calamo
795 2532 962 2617 dextero
993 2532 1197 2617 debellare
1228 2534 1369 2614 sciant
1801 2523 1804 2529 ’

255 2736 265 2747 .
336 2665 473 2751 Tanto
503 2668 640 2749 minus
670 2676 809 2749 autem
839 2695 887 2748 ea
924 2662 1073 2750 Clerici
1111 2667 1361 2776 quicumque
1401 2694 1539 2749 sacrae
1579 2667 1713 2748 scien·
1793 2752 1796 2757 ,

218 2801 300 2883 tiae
330 2808 371 2881 et
400 2799 699 2883 ecclesiasticae
729 2799 968 2882 eruditionis
999 2801 1119 2908 copia
1159 2827 1296 2882 carere
1334 2811 1546 2909 poterunt,
1571 2827 1714 2909 ‚quam

219 2933 264 3016 in
293 2933 458 3016 divinae
486 2933 668 3014 veritatis
698 2933 971 3041 praeconibus
1001 2943 1042 3015 et
1061 2932 1194 3042 plebis
1215 2933 1460 3016 christianae
1480 2932 1714 3042 pastoribus
1746 3028 1752 3039 ,
1785 3015 1789 3021 .

220 3075 482 3149 sacrosancta
511 3063 706 3176 Synodus
736 3063 979 3148 Tridentina
1007 3067 1186 3175 requirit,
1216 3075 1263 3147 ut
1292 3066 1431 3148 idonei
1460 3068 1543 3148 sint
1562 3067 1616 3147 ad
1636 3094 1714 3174 po-

220 3199 364 3307 pulum
395 3196 628 3280 docendum
659 3225 718 3297 ea,
750 3226 856 3306 quae
886 3199 989 3279 scire
1019 3199 1212 3280 omnibus
1242 3200 1517 3281 necessarium
1556 3210 1619 3300 est
1645 3190 1712 3280 fad

150 3432 151 3435 Ν
220 3332 396 3414 salutem
427 3360 477 3413 ac
506 3330 832 3413 administranda
862 3328 1147 3429 Sacramenta,
1164 3327 1199 3411 3)
1239 3340 1281 3412 et
1319 3333 1486 3439 insuper
1524 3341 1713 3440 potentes

221 3464 425 3547 exhortari
454 3465 498 3547 in
528 3463 716 3545 doctrina
745 3490 857 3563 sana,
888 3473 929 3545 et
958 3491 1040 3563 eos,
1081 3465 1152 3572 qui
1193 3463 1490 3562 contradicunt,
1530 3491 1713 3574 arguere.

337 3593 531 3706 Synodus
560 3623 753 3706 praesens
782 3596 826 3677 in
865 3596 1034 3678 nomine
1064 3595 1165 3705 Ejus
1196 3608 1459 3707 congregata,
1490 3598 1606 3705 cujus
1633 3596 1713 3678 sci·
1816 3580 1849 3620 ⁸

221 3729 374 3811 entiam
403 3727 632 3838 Apostolus
661 3729 911 3811 eminentem
941 3715 1258 3828 commendavit,
1290 3756 1373 3836 quo
1409 3730 1544 3838 magis
1575 3757 1714 3811 sacrae

222 3862 416 3944 scienti'ae
445 3861 627 3943 studium
657 3862 700 3941 in
731 3860 924 3942 omnibus
954 3870 995 3942 et
1015 3861 1187 3971 singulis
1207 3861 1330 3970 hujus
1359 3862 1596 3969 provinciae
1617 3845 1713 3946 Cle-

221 3997 314 4077 ricis
345 4003 554 4106 augeatur,
585 3995 799 4103 sequentia
828 3995 987 4076 censuit
1016 3993 1260 4076 sancienda:
1368 3974 1371 3979 Α
1542 3999 1543 4003 '

336 4126 531 4209 Viromm
572 4125 940 4212 ecclesiasticomm
990 4129 1231 4227 conamina,
1272 4128 1343 4235 qui
1383 4127 1611 4235 praeclaris
1650 4129 1714 4208 in-

220 4261 332 4370 genii
373 4258 539 4341 dotibus
576 4257 750 4366 praediti
781 4258 931 4340 divinis
962 4268 1003 4340 et
1040 4259 1232 4341 humanis
1272 4260 1452 4340 scientiis
1492 4259 1546 4340 ad
1584 4258 1713 4370 glori-

152 4410 156 4418 “
221 4391 428 4474 ficandam
459 4389 612 4474 Christi
642 4390 871 4472 Ecclesiam
898 4391 1135 4473 incumbere
1155 4390 1484 4490 desideraverint,
1515 4390 1714 4500 Episcopi

222 4525 346 4625 omni,
388 4552 471 4633 quo
512 4533 715 4632 poterunt,
756 4524 928 4606 consilio
969 4534 1010 4604 et
1050 4553 1129 4632 ope
1161 4523 1381 4632 juvabunt.
1442 4523 1552 4606 Viris
1591 4553 1713 4632 porro

220 4655 497 4767 gratificaturi,
529 4658 600 4765 qui
629 4658 674 4737 in
701 4657 880 4739 literario
920 4658 1114 4738 scientiae
1152 4656 1412 4766 theologicae
1451 4684 1600 4767 campo
1641 4655 1714 4740 de-
1768 4642 1770 4645 ¹

221 4788 415 4871 sudantes
446 4789 575 4871 editis¹
594 4789 708 4871 libris
738 4790 915 4900 egregiis
945 4818 1021 4897 pro
1050 4788 1147 4871 fidei
1177 4800 1218 4871 et
1246 4788 1456 4877 Ecclesiae
1487 4791 1714 4874 catholicae

220 4904 453 5031 integritate
483 4933 646 5012 strenue
676 4921 971 5021 dimicaverint,
1001 4951 1088 5004 non
1117 4922 1374 5024 recusabunt,
1411 4923 1524 5006 adire
1563 4922 1713 5024 Sedem

221 5092 418 5109 *ιι-...ι

264 5166 291 5253 ⁸)
313 5165 399 5231 sess.
422 5129 550 5233 xxm.
573 5166 613 5231 a
634 5166 705 5232 aas
728 5188 799 5257 ap.
826 5168 874 5232 14.
897 5213 899 5216 >

1474 5268 1514 5336 ὁ*
