3960 5956
170 369 173 376 Ι
287 277 330 340 44

289 478 418 560 tutela
457 477 699 585 Ρ1111111111
738 477 848 561 beati
883 478 993 561 Petri
1033 479 1087 560 ad
1127 507 1271 561 omnes
1308 476 1548 608 Catholicos
1584 419 1781 634 pertinet:
1912 431 1915 443 i

289 611 431 693 fidelos
460 613 666 693 nostros
654 613 840 722 rmpense
869 614 1085 720 rogamus
1126 621 1173 692 ut
1207 611 1349 693 illud
1338 601 1476 720 rpsum
1511 617 1680 698 omnino
1717 619 1784 699 in-

289 763 453 861 tegrum
473 752 799 860 inviolatumque
819 751 1068 833 servandum
1098 762 1223 860 atque
1252 753 1306 834 ab
1337 752 1451 835 omni
1472 752 1621 859 injuria
1641 749 1783 832 defen-

291 885 473 966 dendum
503 913 603 983 esse,
644 885 967 967 concordissimo
1002 885 1139 968 studio
1170 885 1346 968 11111111
1375 883 1614 967 fortitudine
1644 883 1785 991 palam

290 1018 424 1100 facere
454 1047 538 1099 non
569 1019 854 1099 intermittant,
868 1013 903 1108 ,5)
941 1115 950 1129 .

408 1197 483 1296 De
514 1198 671 1280 civili
701 1184 1048 1294 auctoritate.
1100 1196 1262 1282 Fideles
1292 1209 1457 1311 nostros
1487 1199 1612 1280 etiarn
1641 1207 1786 1279 contra
1911 1304 1915 1312 Ι

290 1330 384 1415 11111
414 1333 554 1414 hostes
574 1332 746 1413 humani
765 1333 927 1441 generis
947 1333 1206 1440 praemunire
1234 1333 1443 1441 cupimus,
1475 1333 1547 1441 qui
1576 1359 1662 1412 non
1692 1339 1786 1411 tan-

292 1478 383 1546 tum
412 1494 530 1548 sacra
560 1465 779 1575 religionis,
811 1465 884 1547 sed
914 1475 955 1546 ct
976 1467 1075 1573 jura
1103 1466 1257 1547 ordinis
1276 1465 1487 1566 terrestris,
1514 1463 1606 1546 sine
1631 1461 1787 1572 quibus

292 1597 407 1679 nulla
437 1597 548 1680 salus
577 1599 662 1679 imo
693 1626 770 1679 nec
800 1598 975 1679 societas
1005 1599 1226 1681 consistere
1255 1607 1415 1706 potest,
1452 1586 1682 1679 convellere
1712 1624 1786 1705 ge·

293 1732 432 1812 stiunt.
493 1730 783 1863 Reprobamus
822 1729 946 1812 falsas
987 1730 1194 1812 doctrinas
1232 1759 1520 1859 perversorum
1558 1730 1787 1828 hominum,

293 1865 364 1971 qui
394 1862 682 1988 factionibus
672 1864 861 1989 pessimis
900 1862 1064 1971 lateque
1095 1863 1253 1952 diffusis
1288 1863 1452 1964 sociati,
1492 1863 1639 1972 subjici
1678 1861 1789 1944 civili

294 1995 507 2105 potestati,
539 2020 645 2101 quae
675 1994 857 2128 legitime
883 1993 1089 2094 subsistit,
1121 2005 1412 2096 contenmunt,
1442 1996 1526 2078 imo
1557 1993 1635 2078 sub
1664 1994 1789 2076 variis

210 2200 226 2212 ,
294 2138 411 2241 praet
394 2126 635 2209 textibus
604 2155 689 2207 srve
699 2121 881 2207 dolo
849 2155 935 2208 1111
965 2138 1107 2235 aperta
1127 2126 1349 2210 rebellione
1375 2128 1515 2211 civiles
1534 2115 1790 2238 principatus

294 2260 561 2360 labefactare,
594 2257 816 2343 dissolvere
846 2270 888 2340 et
918 2260 1125 2343 destruere
1155 2272 1371 2345 attentant.
1424 2260 1633 2345 Tenemus
1662 2258 1790 2342 verba

294 2393 508 2503 Apostoli:
545 2390 716 2493 „Omnis
736 2395 875 2483 anima
895 2395 1170 2501 potestatibus
1189 2394 1497 2478 sublimioribus
1523 2390 1689 2476 subdita
1719 2393 1788 2474 sit:

187 2619 189 2625 Α
294 2556 380 2607 111
410 2538 473 2609 111
502 2527 826 2635 enimpotestas
856 2528 935 2610 nisi
970 2556 996 2607 a
1025 2526 1139 2609 Deo:
1181 2555 1287 2635 quae
1316 2537 1456 2610 autem
1486 2537 1602 2628 sunt,
1642 2522 1790 2607 aDeo

143 2672 146 2676 '
295 2660 507 2748 ordinatae
545 2669 679 2740 sunt.“
699 2656 733 2739 6)
793 2658 905 2741 Hinc
945 2659 1068 2742 simul
1098 2643 1344 2746 damnamus
1383 2661 1494 2744 mala
1523 2657 1790 2777 subterfugia,

295 2792 446 2903 quibus
475 2791 696 2875 facinorosi
716 2793 905 2877 homines
933 2793 1083 2874 delicta
1112 2820 1188 2876 sua
1207 2792 1461 2877 abscondere
1489 2793 1557 2876 vel
1578 2802 1792 2876 attenuare

295 2926 470 3026 audent,
511 2926 751 3035 praesertim
781 2937 1081 3034 asserentes,J
1074 2927 1160 3007 'ura
1189 2925 1397 3036 legitimae
1426 2926 1643 3035 potestatis
1675 2953 1791 3007 com·

295 3059 491 3143 munibus
521 3058 782 3141 subditorum
811 3059 1018 3169 suffragiis
1053 3058 1208 3141 aboleri
1248 3087 1390 3168 posse,
1430 3059 1497 3141 vel
1535 3087 1665 3170 regna
1696 3060 1791 3168 jure

295 3191 479 3311 silita
518 3191 688 3275 dissolvi
726 3191 894 3292 debere,
935 3203 983 3274 ut
1021 3191 1075 3273 ad
1105 3193 1284 3274 nationis
1323 3203 1365 3275 et
1392 3193 1560 3304 linguae
1589 3192 1792 3274 unitatem

296 3302 655 3434 mrponantur
700 3305 1792 3435 11111111,111111111111111111111111111111-

296 3460 455 3541 nationi
484 3460 680 3541 resistunt
709 3469 750 3540 et
778 3459 857 3566 ipsr
846 3459 1188 3541 damnationem
1217 3459 1446 3568 acquirunt
1481 3456 1626 3542 Potius
1655 3466 1793 3540 rectus

296 3622 414 3674 amor
443 3592 600 3702 patriae
630 3621 726 3673 cum
746 3621 886 3673 amore
907 3592 1156 3700 reipublicae
1178 3602 1220 3673 et
1248 3593 1401 3700 pietate
1430 3619 1530 3702 erga
1553 3588 1794 3701 Superiores

297 3727 542 3835 conjunctus
562 3753 636 3833 per
656 3724 765 3805 Eum
787 3734 987 3835 operetur,
1019 3725 1089 3834 qui
1111 3725 1326 3808 nationum
1347 3724 1580 3806 inimicitias
1600 3725 1645 3805 in
1660 3720 1794 3806 Cruoe

298 3857 478 3959 confixit,
493 3857 594 3940 dum
615 3885 760 3939 omnes
779 3868 924 3969 gentes
943 3857 988 3938 in
1008 3857 1300 3940 communione
1320 3856 1416 3940 fidei
1432 3858 1575 3957 univit,
1592 3867 1633 3938 et
1652 3883 1795 3938 veram
1942 3926 1944 3931 .

297 3991 406 4072 hanc
425 3989 722 4073 fraternitatem
751 3991 794 4071 in
826 3988 925 4072 orbe
948 4000 1149 4072 terramm
1177 3988 1368 4074 fundavit
1376 4055 1387 4119 Ι,
1417 4000 1464 4072 ut
1493 3989 1665 4072 meliora
1694 3988 1794 4071 cha-

297 4126 467 4207 rismata
496 4122 773 4223 aemulantes,
803 4124 962 4207 bonum
982 4152 1199 4248 operemur
1228 4123 1283 4205 ad
1313 4152 1477 4224 onmes,
1508 4123 1689 4204 maxime
1719 4151 1794 4203 au·

287 4270 382 4352 ‚tem
412 4257 466 4338 ad
498 4257 748 4364 domesticos
778 4258 886 4341 fidei

414 4415 473 4497 Ut
502 4426 661 4516 autem,
703 4417 774 4524 qui
804 4416 970 4525 populis
1002 4427 1218 4524 praesunt,
1260 4442 1447 4524 quosque
1476 4413 1556 4495 Dei
1585 4413 1796 4495 ministros

290 4550 481 4659 ,appellat
520 4550 708 4659 gentium
748 4547 927 4647 Doctor,
973 4524 1103 4630 arduo
1150 4577 1225 4630 suo
1271 4558 1312 4630 et
1350 4548 1595 4658 gravissimo
1635 4547 1796 4628 muneri

185 4684 194 4693 ’
298 4684 410 4765 bona
440 4683 691 4764 conscientia
719 4681 993 4781 satisfaciant,
1025 4681 1164 4762 divina
1193 4680 1384 4763 videlicet
1367 4681 1547 4791 tgratia
1576 4679 1794 4793 illuminati

299 4828 341 4897 et
369 4815 609 4898 confortati:
651 4814 916 4897 obsecramus
955 4814 1097 4896 fideles
1137 4842 1233 4896 cum
1262 4813 1410 4896 eodem
1439 4811 1667 4922 Apostolo,
1707 4786 1795 4897 fieri

346 5126 370 5208 ⁵)
393 5124 494 5212 Epist.
517 5124 652 5209 Encycl.
677 5124 716 5201 111
740 5124 792 5188 die
813 5104 864 5187 99.
887 5124 1020 5188 danuar.
1045 5123 1134 5187 1860.
1174 5124 1207 5206 ³³)
1231 5124 1320 5187 Rom.
1346 5122 1394 5187 13.
1419 5124 1508 5186 1-5.
