3960 5956
1657 350 1679 414 5
1728 315 1730 318 ,

185 561 358 636 conatus
387 551 610 662 adepturos
630 553 792 632 monuit
813 548 1009 650 Ecclesia,
1037 552 1112 660 qui
1136 551 1345 634 sacrificiis
1365 549 1515 634 divinis
1531 562 1572 633 et
1591 551 1673 634 Ec-

185 686 332 768 clesiae
352 685 431 767 Dei
453 685 579 795 digne
602 687 751 767 servire
781 685 1005 783 valeamus,
1031 687 1107 786 „in
1142 715 1240 767 vera
1269 696 1310 767 et
1354 685 1557 767 catholica
1594 684 1675 767 fide

183 819 364 924 firndafi,
396 821 605 928 quoniam,
637 830 683 901 ut
722 821 779 901 ait
815 818 1055 928 Apostolus,
1092 848 1231 919 omne,
1273 818 1386 928 quod
1421 827 1598 900 nonest
1627 846 1677 898 cx

183 951 275 1051 fide,
310 962 528 1060 peccatum
548 963 620 1053 cst,
643 953 950 1035 schismaticum
982 963 1056 1052 est,
1077 963 1119 1033 et
1154 963 1268 1033 extra
1289 953 1501 1032 ‘unitatem
1531 950 1705 1033 Eccle··
1832 957 1834 961 ’

184 1084 269 1166 siae
294 1079 393 1168 est.“
412 1079 466 1184 4ls

300 1239 480 1323 Unitatis
510 1243 632 1352 hujus
662 1243 960 1342 studiosissimi,
992 1253 1038 1325 ut
1051 1316 1053 1319 ,
1066 1242 1202 1342 fidem,
1234 1268 1359 1351 quam
1389 1242 1433 1322 in
1467 1241 1675 1349 baptismo

185 1375 440 1483 suscepimus
470 1375 794 1474 custodiendam,
826 1387 866 1456 et
896 1373 1134 1458 Sacerdotio
1165 1375 1314 1456 initiati
1344 1373 1674 1483 praedicandam,

185 1508 238 1590 ab
268 1509 382 1589 omni
423 1507 641 1616 cujuslibet
679 1487 824 1590 erroris
863 1510 1045 1618 periculo
1076 1520 1117 1590 et
1151 1510 1366 1590 haereseos
1401 1506 1494 1589 labe
1525 1518 1677 1590 sartam

184 1649 416 1750 tectamque
446 1668 677 1722 servemus:
708 1643 847 1724 vivam
878 1654 919 1724 et
959 1641 1165 1724 vivificam
1214 1642 1550 1724 communionem
1580 1669 1675 1723 cum
1716 1705 1720 1712 .

185 1783 327 1856 sancta
369 1772 555 1857 Ecclesia
600 1774 804 1857 catholica
845 1803 914 1858 ore
954 1752 995 1858 et
1034 1804 1157 1885 opere
1196 1774 1480 1885 profiteamur,
1521 1775 1676 1885 quippe
1735 1875 1740 1884 Ι

185 1934 290 2017 quae
320 1906 469 2015 „plena
499 1917 560 1987 est
589 1905 750 2017 firlgorc
771 1907 824 1989 ab
845 1904 1012 1990 Oriente
1036 1908 1240 2016 usquead
1261 1905 1539 2008 Occidentem,
1556 1938 1675 2019 prac-

184 2040 388 2122 destinata
417 2039 612 2121 columna
642 2050 682 2120 et
711 2038 1017 2120 firmamentum
1046 2042 1239 2159 veritatis,
1276 2040 1533 2123 domicilium
1568 2041 1675 2141 fidei,
1803 2117 1808 2153 Ι,

136 2160 140 2167 ’
184 2174 421 2282 inconupta
451 2182 565 2255 casta
594 2183 634 2253 et
663 2172 815 2281 pudica
844 2171 1027 2253 fidelium
1057 2183 1188 2254 mater
1217 2183 1258 2255 et
1287 2176 1494 2283 magistra,
1531 2174 1677 2256 victrix
1701 2164 1702 2167 Ὺ

184 2307 319 2389 omnis
346 2307 501 2416 impiae
531 2306 832 2388 haereticorum
860 2305 1061 2405 factionis
1093 2308 1183 2416 ipso
1216 2307 1331 2389 coelo
1371 2308 1525 2389 fortior.
1585 2306 1676 2388 Do-

182 2468 276 2521 mus
305 2439 386 2521 Dei
415 2451 488 2539 est,
518 2448 632 2520 extra
664 2426 854 2547 quamsi
888 2441 980 2547 quis
1012 2441 1236 2521 comederit
1273 2469 1440 2551 agnum,
1480 2439 1684 2548 profanus·

183 2582 265 2679 est,
295 2559 497 2681 templum
527 2571 618 2672 Dei,
649 2600 675 2652 a
705 2557 791 2679 quo‘
818 2573 853 2652 si
884 2574 976 2680 quis
1006 2574 1185 2674 exiverit,
1218 2575 1360 2656 salutis
1390 2586 1579 2657 aeternae
1599 2574 1676 2655 ali-

183 2734 283 2788 enus
324 2717 395 2787 est.
457 2704 670 2805 Quantum
709 2713 848 2784 autem
888 2706 1062 2815 quisque
1091 2716 1204 2787 amat
1240 2707 1469 2790 Ecclesiam
1501 2704 1675 2790 Christi:

182 2847 343 2921 tantum
382 2838 509 2920 habet
548 2836 746 2945 Spiritum
787 2847 996 2941 sanctum;
1036 2838 1108 2921 ubi
1150 2840 1260 2920 enim
1300 2840 1502 2940 Ecclesia,
1542 2840 1600 2922 ibi
1637 2851 1678 2921 et

184 2969 360 3080 Spiritus
380 2969 498 3052 Deir
522 2966 557 3050 5)
577 2965 598 3050 ’.
1414 2958 1417 2963 ’

298 3127 422 3211 Hanc
452 3155 546 3209 cum
578 3128 730 3211 sanctis
760 3126 950 3211 Patribus
980 3129 1105 3210 fidem
1135 3131 1344 3239 profitenti
1369 3130 1482 3212 haud
1503 3129 1677 3212 sufficiet
1731 3179 1734 3184 -
1796 3129 1799 3134 ’

183 3259 383 3343 sacerdoti
423 3259 530 3360 fido,
571 3269 753 3370 atquae
784 3261 838 3344 ab
874 3261 1060 3344 Ecclesia
1090 3261 1338 3345 damuantm
1368 3292 1444 3345 ceu
1472 3262 1677 3344 haeretica
1744 3351 1748 3359 ,

182 3404 223 3475 et
251 3392 364 3496 falsa,
395 3393 658 3475 schismatica
688 3404 730 3474 et
759 3393 914 3475 ordinis
949 3394 1189 3505 hierarchici
1227 3396 1482 3496 subversiva,
1519 3422 1676 3503 quaeve
1822 3411 1825 3421 ’

134 3567 137 3574 ·
183 3554 258 3608 ceu
287 3528 512 3627 temeraria,
543 3527 652 3608 male
682 3529 873 3609 sonantia
903 3537 943 3608 et
972 3529 1109 3609 minus
1139 3539 1250 3610 recta
1286 3557 1336 3609 ex
1374 3528 1558 3637 ejusdem
1593 3526 1675 3608 Ec·
1750 3511 1755 3521 ⁹

184 3658 330 3742 clasiae
352 3657 514 3770 judicio
545 3660 841 3770 improbantur,
872 3661 1037 3770 rejicere
1067 3662 1218 3770 pariter
1257 3673 1298 3743 et
1326 3661 1561 3770 improbare
1590 3688 1676 3741 non
1812 3658 1814 3663 ’

182 3789 351 3875 dubitet.
412 3791 471 3874 Ut
499 3794 637 3902 potius
668 3793 996 3903 quibuscumque
1025 3794 1092 3877 vel
1130 3795 1238 3877 votis
1278 3804 1319 3874 et
1357 3795 1436 3903 piis
1466 3791 1676 3874 Ecclesiae
1816 3797 1819 3803 ’

182 3923 393 4006 desideriis
424 3926 654 4008 tenerrimo
672 3927 823 4008 mentis
853 3926 1053 4036 obsequio
1080 3927 1314 4023 satisfaciat,
1346 3935 1513 4006 sanctae
1531 3923 1675 4007 Matris

181 4067 321 4139 movet
341 4060 583 4158 auctoritas,
613 4057 716 4141 fides
739 4060 860 4167 jubet
889 4071 929 4141 et
958 4071 1079 4170 urget
1107 4061 1295 4151 charitas.

299 4211 393 4312 Quo
416 4216 564 4297 rectius
589 4226 727 4297 autem
752 4228 919 4325 propter
940 4217 1114 4299 salutem
1140 4228 1180 4299 ct
1205 4218 1465 4299 vocationem
1491 4208 1674 4296 nostram

180 4344 368 4427 intimam
410 4346 745 4428 communionem
785 4377 880 4428 cum
920 4349 1106 4431 Ecclesia
1146 4348 1299 4433 Christi
1340 4374 1500 4430 servare
1539 4347 1674 4426 inten-

184 4544 378 4558 *annu—‘⁶

226 4647 254 4732 ⁴)
276 4648 393 4712 Pontis.
415 4648 505 4712 Rom.
528 4649 568 4713 dc
590 4649 668 4713 Ord.
691 4649 842 4714 Subdiac.

225 4757 251 4841 ⁵)
273 4739 418 4838 Conseri
442 4754 532 4840 Orig.
565 4754 685 4821 Comm.
718 4760 751 4821 in
783 4779 852 4843 cap.
885 4758 935 4822 23.
958 4758 1071 4822 hlatth.
1105 4765 1197 4820 tract.
1232 4756 1282 4818 30.
1314 4777 1345 4817 n.
1377 4755 1425 4817 17.
1450 4736 1556 4817 4¹8.
1590 4754 1674 4837 Aug.

276 4865 310 4926 in
342 4862 395 4926 Ps.
429 4862 498 4928 103.
532 4886 625 4928 sarm.
658 4868 685 4928 1.
722 4887 753 4929 n.
788 4867 836 4930 17.
866 4903 906 4913 —
935 4867 1025 4930 Lact.
1047 4866 1150 4930 Instit.
1174 4863 1239 4926 div.
1262 4862 1319 4926 lib.
1349 4863 1378 4925 4.
1408 4882 1477 4946 cap.
1500 4861 1551 4924 30.
1578 4897 1619 4907 —
1641 4860 1674 4925 S.

276 4969 374 5055 Cypr.
397 4973 490 5056 epist.
518 4973 566 5063 73.
590 4971 631 5035 ad
652 4970 761 5036 Jubai.
782 5010 824 5020 -—
847 4973 877 5038 S.
899 4974 982 5038 Iren.
1005 4973 1079 5038 adv.
1102 4972 1226 5036 hacrcs.
1256 4969 1311 5033 lib.
1333 4970 1363 5032 3.
1391 4989 1461 5053 cap.
1482 4969 1512 5032 4.
1533 4990 1621 5033 num.
1646 4969 1674 5031 1.

287 5115 328 5125 —
350 5078 382 5143 S.
403 5076 517 5163 Chrys.
536 5079 618 5143 horu.
638 5090 711 5145 ante
728 5082 802 5144 exil.
825 5085 911 5147 nuin.
926 5084 952 5144 1.
968 5120 1007 5128 -ν
1019 5080 1050 5146 8.
1063 5080 1253 5163 Hieronym.
1277 5076 1422 5162 opistl5.
1437 5075 1479 5139 ad
1491 5075 1622 5140 Damas.
1634 5115 1674 5123 —

274 5185 306 5250 S.
322 5185 407 5271 Aug.
432 5196 522 5251 tract.
545 5187 595 5252 32.
611 5190 644 5251 in
665 5187 783 5253 Joann.
806 5212 836 5253 n.
853 5189 882 5252 8.
902 5225 942 5236 -
957 5188 989 5254 S.
1005 5189 1087 5252 Iren.
1109 5186 1183 5251 adv.
1206 5186 1293 5251 haer.
1312 5184 1368 5250 lib.
1386 5187 1417 5250 3.
1432 5206 1503 5272 cap.
1523 5169 1624 5250 24.n'.
1644 5185 1672 5248 1.
