3960 5956
288 372 432 470 XIV„

178 642 180 653 ,
289 574 395 639 cotim
416 569 577 637 solemnis
603 572 642 634 de
663 569 705 634 B.
734 571 870 656 Vicpiue
901 570 1078 655 Muriu,·*)
1117 573 1150 634 in
1173 569 1323 635 Sessione
1345 571 1462 636 ultimo
1482 572 1553 659 ipse
1575 573 1779 662 Metropolita

288 680 422 746 Missam
443 682 586 745 votivam
608 679 649 743 de
671 680 722 743 Sc.
749 680 909 743 lbiuitutc
929 699 988 765 pro
1009 681 1186 765 gratiarum
1208 681 1335 745 actione
1357 677 1544 744 celebrabit
1556 681 1607 766 W)

347 858 349 864 «
386 817 416 880 4.
449 814 568 880 Preces
590 820 622 878 et
643 811 832 898 Evangelia,
854 832 937 898 quae
958 815 992 876 in
1009 798 1199 899 Pontificuli
1220 815 1369 894 Romano
1384 811 1454 897 ***)
1476 814 1582 900 posita
1603 823 1687 896 sunt,
1707 836 1779 901 per·

288 925 370 991 actis
392 922 495 989 tribus
516 923 719 988 Sessiooibue
743 925 777 987 in
798 919 930 1007 reliquis
953 928 1071 986 statuto
1093 920 1205 986 ordine
1227 928 1422 1008 repetentur.

287 1149 289 1152 Α
384 1058 414 1121 5.
449 1055 621 1120 Sermones
643 1053 815 1138 synodales
837 1056 913 1117 item
935 1074 993 1138 per
1015 1053 1128 1118 Patres
1142 1024 1323 1120 alternatim
1339 1052 1559 1137 habebuntur3
1582 1055 1778 1119 insessione

287 1163 405 1259 ιἰἰίίνηᾳ
426 1186 502 1229 vero
525 1183 703 1227 sermonem
724 1158 864 1225 babebit
884 1163 955 1245 ipse
977 1158 1190 1246 Metropolim.

387 1297 417 1360 6.
456 1296 595 1360 Ultimae
616 1296 777 1360 Soorioois
797 1296 878 1387 ritus
900 1288 1005 1388 finalis
1028 1315 1168 1380 sequens
1189 1303 1260 1358 est:

197 1525 199 1528 y
228 1507 238 1530 Ι
330 1438 364 1522 a)
386 1436 564 1502 Publicatis
596 1435 715 1500 ultimis
747 1433 882 1500 Concilii
915 1434 1053 1498 decretis
1087 1442 1120 1496 et
1151 1432 1308 1499 absolutis
1340 1432 1503 1516 omnibus,
1536 1455 1622 1519 quae
1644 1435 1779 1501 fonnem

381 1546 549 1630 finiendae
569 1545 686 1634 muudi
707 1552 910 1626 concernunt,
933 1542 1099 1607 ordinatur
1121 1543 1214 1607 solita
1235 1543 1403 1608 Processio
1425 1565 1444 1606 e
1465 1542 1582 1608 sacello
1604 1543 1646 1606 ad
1673 1543 1780 1607 ultore

387 1656 513 1739 majus,
545 1651 600 1717 ubi
623 1674 681 1739 per
702 1650 937 1739 Metropolitum
964 1653 1126 1722 intonatur
1157 1653 1311 1745 bymnus:
1353 1652 1429 1727 „Tc
1444 1652 1554 1718 Deum
1576 1651 1781 1734 laudamus,“

390 1756 532 1844 congruo
554 1758 724 1843 versiculo,
746 1760 947 1845 responsorio
970 1754 1170 1834 etoratione
1189 1757 1360 1835 finiendus.

331 1900 367 1987 b)
388 1899 450 1966 His
470 1902 610 1986 peractis
631 1900 718 1965 idem
739 1900 942 1986 Metropolita
965 1909 1093 1965 servato
1114 1902 1178 1966 ritu
1206 1900 1414 1984 Pontificolio
1441 1900 1585 1964 Romani
1606 1898 1684 1964 dicit
1706 1919 1777 1964 ora·

157 2059 158 2063 ,
296 2103 298 2106 y
386 2011 523 2074 tionem:
546 2007 650 2072 Nullo
671 2017 719 2074 eat
739 2007 937 2091 Doruine,†)
959 2014 992 2070 et
1013 2006 1088 2071 dein
1111 1986 1295 2071 solemniter
1315 2005 1464 2072 omnibus
1485 2004 1658 2095 condicit
1753 2025 1766 2050 ⁸

330 2150 363 2237 c)
386 2149 570 2237 Sequuntur
600 2149 856 2214 declamationes
887 2170 946 2235 per
977 2149 1184 2213 Pronotores
1215 2146 1282 2212 alta
1316 2168 1396 2214 voce
1428 2145 1597 2234 legendae,
1629 2143 1781 2251 Patribus

388 2259 587 2345 caeterisque
614 2254 766 2322 membris
788 2255 913 2342 Synodi
935 2277 1008 2321 cum
1030 2254 1230 2320 exsultatione
1251 2253 1531 2344 respondentibus.

333 2398 368 2483 d)
389 2398 469 2464 Mox
490 2398 612 2463 Putccc
633 2397 676 2463 ad
696 2395 932 2484 Metropolitum
954 2378 1114 2462 accedunt
1134 2420 1192 2483 pro
1215 2399 1321 2461 occcclo
1340 2398 1454 2482 pactu
1475 2396 1780 2485 eodemqueoaculo
1888 2436 1891 2441 ·

384 2508 503 2572 caeteri
524 2504 659 2572 Concilii
680 2505 807 2572 sodales
829 2515 938 2571 mutuo
963 2504 1027 2570 sibi
1050 2505 1263 2591 gratulantur.

331 2647 365 2731 e)
386 2646 533 2711 Tandem
554 2649 676 2733 primus
698 2647 863 2711 Diaconus
884 2646 1107 2733 Metropolitae
1130 2649 1286 2711 assistens
1307 2647 1373 2714 alta
1394 2664 1476 2712 voce
1498 2645 1590 2712 dicit:
1611 2645 1782 2723 „Rom

390 2775 463 2818 mua
483 2755 519 2818 in
536 2763 661 2837 pucc,·“
684 2757 872 2841 cunctisque
893 2754 1161 2847 acclamantibus:
1185 2756 1248 2829 „In
1269 2757 1395 2820 mutim
1413 2755 1555 2819 consu*
1576 2751 1782 2840 Metropolita

391 2869 424 2924 et
446 2860 559 2943 Patres
581 2861 746 2947 deponunt
767 2883 877 2926 sacrus
899 2871 1017 2946 vestes,
1044 2871 1077 2926 et
1098 2861 1264 2928 ordinatur
1285 2882 1445 2927 recessus.

831 3135 1050 3192 cunr-ss·
1068 3134 1226 3204 syn-au

299 3314 301 3318 Α
390 3327 419 3389 1.
462 3325 525 3390 Die
556 3325 607 3390 24.
639 3323 838 3412 Septembris
869 3328 949 3392 bora
981 3327 1009 3392 7.
1042 3329 1198 3391 matutina
1230 3323 1497 3396 convenientibus
1531 3328 1565 3391 in
1602 3324 1784 3412 metropoli·

291 3439 368 3498 tana
400 3431 539 3500 ecclesia
571 3431 723 3498 Patribus
754 3437 955 3522 caeterisque
986 3433 1110 3520 Synodi
1142 3421 1298 3500 membris
1324 3417 1599 3521 Arcbiepiscopus
1624 3432 1784 3519 Metropo

290 3526 349 3607 lita
369 3538 548 3607 celebrabit
578 3540 713 3607 Sacrum
745 3563 803 3627 pro
836 3541 988 3610 defimcto
1020 3544 1117 3607 totius
1149 3544 1336 3628 provinciae
1364 3539 1460 3607 Olero
1492 3549 1525 3607 ot
1545 3538 1634 3606 fideli
1655 3539 1784 3627 populo.

291 3648 345 3713 Ad
377 3647 512 3715 Sacrum
543 3648 630 3713 istud
662 3649 844 3714 faciendum
876 3653 1053 3715 invitantur
1084 3652 1180 3714 etiam
1212 3649 1351 3715 Parochi
1383 3650 1524 3714 civltatis
1557 3656 1590 3713 et
1610 3650 1785 3715 universim

292 3749 413 3838 omnes',
434 3759 490 3842 qui
511 3759 667 3821 interesse
689 3766 837 3842 poterunt
858 3757 975 3822 Clerici
996 3767 1064 3823 tum
1086 3756 1280 3840 saeculares,
1301 3766 1368 3821 tum
1390 3753 1566 3842 regulares.
1784 3777 1785 3781 ¹

390 3898 421 3962 2.
454 3898 538 3961 Acta
560 3905 592 3962 et
613 3896 744 3974 decreta
765 3896 900 3963 Concilii
923 3901 1113 3985 quantocius
1141 3898 1185 3963 ad
1205 3897 1324 3963 Sedem
1345 3897 1566 3984 Apostolicam
1588 3896 1773 3967 deferentur

293 4001 493 4069 &notissimi
515 4005 621 4070 Patris
637 4005 762 4091 judicio
785 4006 1010 4090 examinanda,
1034 4005 1237 4093 corrigenda,
1257 4014 1290 4070 et
1312 4003 1394 4069 silli
1409 4007 1443 4069 in
1458 4005 1597 4070 Domino
1619 4003 1786 4092 placuerit,

292 4110 513 4199 approbanda,
535 4121 572 4177 ut
593 4112 721 4178 demum
742 4134 831 4178 more
853 4116 1007 4179 canonico
1029 4113 1072 4178 sd
1093 4112 1223 4183 laudam
1245 4119 1278 4177 et
1297 4112 1434 4198 gloriam
1463 4112 1526 4176 Dei
1547 4113 1787 4200 omnipotentis,

293 4227 325 4284 et
345 4219 515 4284 utilitatem
539 4218 626 4288 Cleri
646 4220 820 4306 populique
844 4221 939 4305 hujus
961 4224 1147 4307 provinciae
1168 4219 1327 4307 publicari
1350 4228 1480 4305 queant
1494 4219 1556 4305 Η)

232 4630 234 4635 .
359 4584 385 4647 *)
403 4582 442 4634 Gi.
462 4598 512 4634 una
528 4591 592 4634 orat.
612 4583 705 4642 Credo,
722 4585 804 4635 Prsat.
822 4585 854 4635 ds
869 4585 899 4635 B.
920 4586 960 4648 V,
978 4587 1022 4635 uit
1040 4586 1134 4653 Erong.
1152 4603 1172 4636 s.
1194 4585 1307 4647 ioannis.

345 4674 388 4738 ”)
406 4674 446 4725 (il.
464 4690 514 4726 nna
530 4683 592 4725 orat
611 4674 700 4735 Credo,
722 4676 802 4726 Praei.
822 4675 853 4726 ds
870 4675 909 4727 Su.
927 4674 1007 4736 Trln..
1024 4677 1070 4728 ult.
1088 4677 1182 4743 Ιίνιιις.
1201 4693 1221 4727 s.
1236 4676 1350 4728 ioannis.
1397 4737 1402 4744 ,

324 4764 384 4829 m)
402 4764 468 4815 Orio
486 4766 517 4816 sd
535 4765 629 4829 Synod.

359 4856 387 4920 t)
405 4855 473 4907 Orto
492 4857 526 4908 st
543 4856 640 4920 sysoi.

341 4945 390 5013 fi)
406 4945 437 4999 In
454 4947 600 5013 Appsnttcs
616 4950 692 5013 hnjm
710 4950 819 5001 Nomas
836 4952 903 5015 typis
920 4949 996 5000 tetra
1012 4957 1040 5001 st
1065 4951 1132 5001 inter
1148 4949 1286 5013 Syneistss
1312 4949 1461 5000 distributas
1477 4949 1608 5013 appositus
1623 4954 1680 4998 ant
1691 4949 1790 5013 integer

404 5045 488 5089 textu
506 5037 612 5091 Ordinis
627 5039 664 5092 aa
680 5039 820 5106 mres,
846 5049 922 5106 prout
946 5043 972 5092 in
993 5041 1138 5107 Pontificati
1156 5041 1270 5093 Romano
1289 5040 1404 5091 bobum.
1437 5039 1549 5091 Auum
1569 5045 1643 5090 mant
1658 5045 1711 5089 tras
1727 5037 1789 5089 deti·

405 5128 532 5181 mona
555 5129 672 5190 mrum,
699 5146 744 5183 ssu
770 5132 946 5202 &mentiones
971 5148 1100 5187 cossam
1124 5131 1286 5201 synodalium
1310 5133 1336 5181 iu
1362 5129 1603 5201 Coumqutortbns
1621 5135 1650 5180 st
1667 5129 1790 5183 Sentent-

405 5219 453 5271 δυ
471 5219 586 5288 petitote.
