3960 5956
1556 311 1690 383 ’89

194 515 428 627 perfugium
473 526 515 597 et
552 514 752 600 fidissima
788 515 1021 597 auxiliatrix
1069 546 1119 599 ac
1163 518 1289 601 totius
1333 527 1532 601 terrarum
1578 520 1689 638 qrbis

192 648 480 759 potentissima
508 648 621 757 apud
641 647 909 757 Unigenitum
943 648 1096 731 Filium
1127 679 1248 732 suum
1267 649 1486 732 mediatrix
1516 664 1557 734 et
1587 682 1688 735 con-

164 782 380 881 ciliatrix,
411 809 461 862 ac
490 781 871 890 praeclarissimum.
893 781 1104 865 Ecclesiae
1135 793 1301 866 sanetae
1331 783 1458 866 decus
1495 796 1536 867 et
1565 815 1689 868 orna·

193 925 380 999 mentum
400 912 764 1022 firmissimumque
779 915 1077 1023 praesidium;“
1114 944 1220 1026 quae
1252 927 1421 1019 cunctas
1443 946 1605 1026 semper
1624 920 1689 1000 in-
1787 899 1789 904 ¹

149 1061 152 1067 “
186 1049 357 1148 teremit
372 1046 561 1131 haereses
576 1056 617 1131 et
641 1046 782 1129 fideles
812 1047 990 1155 populos
1020 1060 1247 1158 gentesque
1277 1077 1303 1129 a
1332 1051 1524 1133 maximis
1555 1054 1690 1133 omnis

192 1181 354 1291 generis
394 1179 697 1263 calamitatibus
738 1180 907 1288 eripuit,
947 1182 992 1262 in
1027 1209 1109 1290 qua
1138 1182 1313 1291 proinde
1335 1184 1429 1290 jure
1459 1186 1690 1293 meritoque

193 1344 289 1396 cum
318 1313 563 1395 Beatissimo
604 1313 724 1394 Patre
760 1311 835 1393 Pio
865 1312 941 1395 IX.
972 1312 1250 1398 firmissimam
1277 1317 1521 1423 reponimus
1557 1338 1687 1425 spem,

191 1447 278 1530 fore
327 1456 374 1528 ut
417 1445 583 1534 suffulta
623 1445 881 1527 validissimo
928 1448 1015 1554 ejus
1055 1449 1287 1556 patrocinio
1342 1458 1510 1549 „saneta
1557 1448 1690 1531 Mater

194 1580 380 1663 Ecclesia
410 1578 613 1660 catholica
635 1579 792 1660 cunctis
813 1580 962 1674 amotis
983 1579 1294 1662 difficultatibus
1318 1583 1558 1688 cunctisque
1587 1611 1686 1690 pro-

192 1711 345 1822 fligatis
375 1710 578 1793 erroribus
599 1711 848 1820 ubicumque
879 1713 1079 1821 gentium,
1100 1712 1350 1822 ubicumque
1370 1713 1558 1796 locorum
1578 1743 1684 1823 quo-

192 1845 292 1927 tidie
321 1845 456 1955 magis
486 1845 635 1953 vigeat,
676 1843 820 1927 floreat
856 1873 906 1926 ac
935 1858 1081 1955 regnet
1119 1875 1145 1927 a
1175 1847 1278 1927 mari
1308 1875 1440 1956 usque
1479 1846 1534 1929 ad
1562 1875 1687 1948 mare,

170 1980 180 2035 Γ
194 1989 235 2061 et
263 2006 289 2058 a
317 1976 638 2085 flumineusque
668 1977 723 2058 ad
741 1979 941 2060 terminos
961 1977 1073 2060 orbis
1102 1990 1312 2078 terrarum,
1345 1981 1541 2087 omnique
1572 2008 1686 2088 pace,

193 2091 486 2218 tranquillitate
512 2138 561 2191 ac
581 2110 769 2193 libertate
788 2111 954 2209 fruatur,
985 2122 1032 2191 ut
1050 2113 1109 2192 rei
1128 2113 1305 2212 veniam,
1335 2113 1449 2222 aegri
1469 2111 1685 2214 medelam,

193 2243 332 2353 pusilli
362 2242 486 2324 corde
516 2242 651 2342 robur,
682 2242 823 2324 afflicti
845 2242 1184 2342 consolationem,
1215 2219 1506 2351 periclitantes·
1521 2244 1685 2353 adjuto·
1751 2331 1753 2333 ,

193 2377 298 2457 rium
329 2375 544 2458 obtineant
573 2386 614 2458 et
644 2404 788 2459 omncs
820 2380 999 2458 errantes
1030 2376 1216 2459 discussa
1245 2378 1395 2459 mentis
1425 2377 1602 2487 caligine
1632 2378 1687 2460 ad

194 2509 376 2592 veritatis
415 2537 465 2590 ac
487 2509 673 2617 justitiae
703 2511 894 2592 semitam
924 2509 1094 2591 redeant
1128 2537 1178 2590 ac
1216 2509 1290 2590 fiat
1328 2538 1459 2590 unum
1498 2510 1606 2591 ovile
1647 2522 1688 2592 et

192 2670 300 2724 unus
319 2649 500 2751 pastore
518 2638 551 2721 2)
593 2641 658 2722 Ex
678 2642 828 2750 quibus
848 2642 988 2750 liquet,
1020 2641 1176 2723 cultum
1197 2640 1412 2750 Deiparae,
1439 2643 1545 2723 sicut
1564 2641 1687 2750 plane

193 2773 392 2885 singulari
411 2773 603 2884 dignitati
624 2777 712 2882 ejus
728 2775 909 2872 debetur,
930 2776 989 2855 ita
1008 2802 1174 2883 quoque
1195 2784 1338 2856 contra
1364 2775 1588 2872 crescentia
1605 2774 1686 2855 hu·

64 2952 67 2959 ·
187 2908 258 3016 jus
278 2908 370 2988 aevi
389 2907 499 2988 mala
520 2906 849 2990 efficacissimum
870 2907 1065 3016 praebere
1085 2907 1323 2989 remedium.
1365 2906 1531 2988 Etenim
1553 2906 1687 2989 cultm
1739 2896 1744 2902 ⁶

195 3037 262 3120 ille
281 3038 466 3148 profecto
497 3038 574 3122 flos
595 3051 658 3120 est
678 3041 920 3121 tenerrimus
939 3041 1059 3133 vivae
1080 3052 1121 3121 et
1150 3041 1338 3122 salutaris
1358 3039 1465 3138 fidei,
1490 3067 1572 3147 qua
1591 3068 1686 3147 my·

183 3172 362 3254 sterium
401 3170 700 3253 lncarnationis
740 3171 912 3252 Domini
952 3173 1259 3281 amplectimur3
1306 3172 1591 3254 dulcissimum
1631 3172 1686 3284 ad

193 3331 336 3386 omnes
365 3305 535 3385 virtutes
566 3332 816 3412 omnemque
834 3304 1127 3413 perfectionem
1149 3304 1414 3387 christianam
1440 3305 1684 3385 incitamen-

192 3448 292 3538 tum,
337 3465 387 3518 ae
427 3437 612 3519 caelestis
657 3437 799 3519 auxilii
843 3438 995 3547 pignus
1035 3439 1319 3519 certissimum.
1380 3435 1483 3517 lndc
1528 3463 1683 3545 magno
1838 3485 1841 3491 ,

193 3568 327 3653 cordis
357 3569 504 3652 solatio
530 3570 870 3674 commendamus
900 3570 1112 3652 ardentem
1142 3572 1338 3679 pietatem
1368 3568 1513 3677 populi
1543 3570 1683 3668 nostri,

193 3729 275 3810 qua
304 3700 519 3812 Virginem
547 3702 724 3784 Matrem
753 3705 937 3785 venerari
977 3715 1018 3785 et
1056 3703 1110 3784 ad
1138 3701 1318 3812 pliuima
1357 3703 1457 3809 ejus,
1499 3729 1605 3809 quae
1640 3702 1684 3782 in

192 3833 272 3917 huc
300 3836 516 3957 proyincia
550 3846 591 3916 et
620 3836 782 3916 viciniis
812 3835 1016 3918 habentur
1046 3834 1279 3916 sanctuaria
1308 3844 1349 3913 et
1377 3831 1491 3933 festa,
1523 3831 1577 3914 ab
1606 3861 1683 3914 an-

161 3948 318 4076 tiquis
346 3968 443 4051 inde
473 3968 618 4051 diebus
648 3967 853 4050 confluere
882 3969 998 4051 solet.
1059 3967 1173 4049 Dum
1203 3966 1294 4049 Deo
1324 3967 1479 4075 gratias
1508 3975 1681 4076 agentes

91 4148 94 4153 ·
192 4101 311 4183 enixe
350 4127 610 4208 quaesumus,
660 4111 706 4182 ut
744 4099 840 4182 fidei
884 4129 934 4182 ac
978 4103 1142 4209 pietatis
1181 4099 1419 4209 hujusmodi
1456 4098 1684 4180 libamenta

192 4234 395 4341 propitius
433 4234 633 4342 respicere
672 4245 713 4315 et
742 4232 983 4316 benedicere
1022 4234 1233 4344 dignetur:
1274 4231 1329 4313 ad
1358 4230 1607 4314 firmandum
1643 4240 1684 4312 et
1745 4268 1751 4277 ·

192 4367 236 4448 in
251 4366 338 4449 dies
353 4366 591 4475 augendum
602 4365 811 4474 Deiparae
827 4367 983 4447 cultum
996 4367 1209 4475 sequentia
1224 4392 1439 4447 censemus
1454 4360 1681 4447 monenda:

306 4518 499 4624 Pastores
538 4542 770 4622 animarum
808 4541 1040 4648 frequenter
1079 4538 1233 4621 solidos
1277 4548 1319 4619 et
1357 4519 1497 4618 amore
1536 4535 1682 4643 plenos
1765 4584 1769 4588 -

192 4672 243 4755 de
272 4664 532 4756 sanctissima
561 4672 743 4784 Virgine,
775 4673 826 4755 dc
855 4673 1078 4782 mysteriis,
1109 4671 1328 4754 virtutibus
1358 4679 1399 4751 et
1433 4669 1588 4751 meritis
1616 4670 1681 4750 vi-

191 4815 257 4889 tae
288 4807 386 4915 ejus,
426 4816 549 4917 prout
578 4805 630 4889 de
659 4807 934 4889 venerationis
964 4804 1101 4888 officio
1139 4814 1180 4884 et
1208 4803 1334 4884 modo
1366 4829 1576 4884 sermones
1605 4802 1681 4883 ha-

194 5028 216 5038 na
223 5029 285 5038 —a-o-
292 5028 388 5038 ...ισο-

235 5138 263 5220 ²)
284 5137 346 5203 Lit.
368 5139 482 5224 Apost.
506 5137 539 5203 S.
562 5138 605 5202 D.
624 5136 679 5201 vPii
700 5136 764 5201 ΡΡ.
786 5136 847 5202 ΙΧ.
869 5133 1067 5222 ,dneffabilis
1090 5132 1201 5197 Deus“
1225 5129 1266 5193 de
1289 5133 1341 5197 die
1363 5132 1393 5196 8.
1417 5130 1497 5294 lllgc.
1521 5129 1612 5196 1854.
