3960 5956
284 317 331 380 VI

282 536 353 578 rum
375 517 516 580 omnium
538 513 684 599 largitori
706 515 881 581 humillime
903 519 1129 584 commendare
1150 542 1214 585 non
1237 522 1467 604 intermittant,
1499 529 1535 586 ut
1556 524 1669 606 quibas
1691 526 1781 589 dedit

281 625 423 706 regimen
444 623 646 706 disciplinae,
680 624 841 705 Spiritum
872 634 1021 690 sanctam
1041 629 1196 710 benignas
1217 628 1384 711 inscindat,
1414 637 1572 712 quatenus
1595 632 1632 694 in
1652 633 1779 697 nornine

280 731 369 815 idjam
398 731 534 806 collecti,
562 735 609 797 sic
636 734 671 795 ta
698 736 819 817 cunctis
849 743 1012 800 teneamus
1039 757 1109 799 cam
1135 737 1351 800 moderamine
1379 738 1516 819 piatatis
1542 739 1720 822 jacetitiam,
1742 748 1778 803 at

279 840 316 901 ia
336 838 425 902 nollo
457 861 478 902 a
499 839 581 904 Jesu
602 839 731 905 Christo
756 841 901 928 Ejusque
935 852 1049 908 sancta
1079 842 1229 909 Ecclesia
1262 845 1435 909 dissentiat
1467 828 1620 910 volontas
1652 854 1777 920 nostra,

279 946 337 1009 scd
357 967 482 1029 caspar
509 948 722 1013 rationabilia
750 950 958 1026 meditantes,
988 972 1070 1034 qaae
1091 952 1164 1015 Deo
1180 952 1309 1034 placita
1330 961 1419 1026 aaut,
1447 953 1542 1017 dictis
1559 968 1777 1036 v<assequamur

280 1061 309 1116 ct
324 1055 448 1136 sactis;
470 1076 625 1140 spemque
648 1055 836 1140 habeamus,
859 1057 927 1123 foro
942 1066 978 1122 ut
992 1060 1031 1123 da
1047 1062 1198 1143 prosecta
1218 1068 1407 1124 sacomam
1428 1061 1533 1125 oviam
1548 1063 1637 1144 fiant
1651 1062 1774 1145 paedia

282 1171 416 1226 aeterna
431 1165 623 1245 pestorani!
642 1163 773 1248 (Pontii.
796 1165 887 1230 Rom.
909 1164 988 1231 Ord.
1010 1165 1054 1230 ad
1075 1165 1211 1252 Synod.)

343 1312 345 1317 ·
378 1293 535 1359 Volumus
567 1298 701 1382 insuper
732 1305 765 1362 ot
794 1299 1033 1384 praecipimus,
1069 1305 1105 1362 ut
1136 1319 1291 1383 praesens
1324 1297 1512 1365 Indictionis
1546 1298 1711 1364 decretum
1742 1301 1776 1364 in

278 1401 383 1468 valvis
406 1403 639 1469 cathedralium
660 1404 860 1491 aliarumque
872 1415 940 1492 'per
964 1408 1163 1496 provinciam
1186 1405 1397 1471 ecclesiariun
1414 1408 1625 1492 insigniorum
1640 1406 1775 1472 affixum

279 1520 398 1596 pateat,
421 1534 484 1598 quo
506 1512 733 1598 publicationis
754 1512 849 1605 modo
871 1516 917 1578 ita
938 1536 1050 1579 omnes
1071 1522 1104 1579 et
1133 1512 1287 1599 singulos,
1316 1515 1371 1599 qui
1400 1513 1443 1578 ad
1472 1512 1640 1599 Synodum
1668 1516 1774 1601 requi-

279 1628 403 1702 runtur,
425 1620 596 1686 adstrictos
618 1643 691 1686 esse
714 1624 967 1707 pronuntiamus,
989 1644 1029 1688 ac
1051 1624 1079 1688 si
1100 1623 1287 1687 nominatim
1308 1629 1513 1687 vocarentur.

327 1751 332 1759 ’
378 1751 418 1815 In
444 1774 580 1838 quorum
606 1752 704 1818 fidem
733 1755 792 1818 has
821 1754 930 1819 literas
959 1757 1090 1841 propria
1117 1776 1215 1819 manu
1242 1753 1514 1839 subscripsimus,
1548 1762 1581 1818 et
1611 1762 1648 1818 ut
1669 1752 1774 1839 sigillo

278 1858 374 1942 hujus
406 1858 500 1925 Sedis
533 1860 816 1947 archiepiscopalis
860 1864 1045 1928 muniantur
1077 1871 1110 1928 et
1141 1865 1203 1927 rite
1234 1860 1452 1947 publicentur,
1485 1862 1604 1928 Curiae
1636 1861 1774 1926 Nostrae
1912 1864 1916 1869 '

278 1965 478 2032 Cancellario
501 1967 591 2034 hisce
612 1969 813 2035 mandamus.
1304 2032 1308 2039 .

377 2100 500 2193 Datum
521 2101 648 2188 Pragae
669 2104 704 2166 in
719 2101 845 2168 Octava
859 2103 1061 2168 Visitationis
1071 2082 1121 2167 ιΒ.
1136 2103 1283 2197 Virginis
1299 2100 1423 2165 Mariae
1446 2100 1499 2166 die
1521 2100 1647 2166 decima
1662 2102 1774 2188 quinta

276 2204 356 2273 Julii
378 2206 452 2273 anni
475 2214 495 2273 a'
516 2208 619 2274 salute
641 2232 700 2297 per
726 2210 890 2276 Christum
911 2219 1062 2297 reparata
1089 2208 1248 2274 millesimi
1278 2210 1537 2295 octingentesimi
1566 2210 1773 2295 sexagesimi.

1169 2367 1356 2474 inlatam,

1009 2497 1165 2548 cudimus
1182 2497 1211 2547 et
1226 2496 1473 2556 Archimeam

722 2627 774 2692 Ex
796 2626 948 2691 mandato
969 2624 1223 2692 Eminentissimi
1239 2646 1284 2729 ac
1304 2619 1583 2691 Reverendissimi
1603 2621 1771 2690 Ecclesiae

718 2734 893 2820 Progensis
914 2734 1161 2821 Archiepiscopi
1182 2731 1422 2820 Metropolitae:

1259 2864 1525 2933 Adalbertus
1550 2864 1672 2946 Hron,

1375 2974 1553 3027 Osncsllsrina.

276 3306 324 3408 4)
368 3305 642 3411 Promulgatio
675 3306 904 3391 celebrandi
930 3305 1094 3390 concilii
1119 3304 1360 3390 incivitate
1390 3302 1757 3390 ot-Archidioocosi

862 3434 1181 3541 metropolitana

198 3652 202 3657 '
276 3654 580 3724 hides-leus,
598 3654 865 3712 miseratione
883 3656 1023 3712 divin
1041 3657 1083 3713 et
1100 3656 1211 3712 sedis
1229 3653 1487 3729 sputans-s
1509 3654 1646 3723 nstra
1665 3653 1704 3709 8.
1722 3654 1768 3708 n.

308 3744 517 3801 Ecclesiae
543 3746 762 3814 Presbyter·
784 3745 1012 3802 cardinalis
1035 3743 1161 3803 'rituli
1193 3760 1224 3802 a.
1247 3745 1464 3816 annotat
1509 3746 1551 3802 et
1573 3744 1769 3816 Princeps

307 3835 653 3920 Arohteplssopus
670 3837 903 3908 nne-nu,

358 4029 542 4095 Venerabili
563 4040 594 4096 ct
615 4031 729 4096 dilecto
750 4030 1027 4095 Archidioeccscos
1049 4030 1141 4096 Olera
1163 4039 1231 4096 tam
1256 4029 1419 4096 saamlari
1440 4050 1537 4114 qaam
1558 4025 1707 4114 rapulam

656 4219 804 4285 Salutem
824 4228 854 4285 ot
876 4221 1176 4287 benedictiotionis
1198 4221 1366 4286 Domino!

374 4399 560 4466 Auxiliante
592 4401 731 4467 Domino
753 4402 880 4469 Decet
911 4401 1078 4469 Salvatore
1110 4411 1219 4468 nostro
1251 4403 1333 4468 Jesu
1365 4402 1494 4468 Christo
1529 4400 1667 4468 Concilii
1695 4421 1768 4488 pro·

272 4510 398 4574 vinciae
431 4530 610 4575 convocare
643 4512 860 4597 prosperrima
892 4519 976 4575 sorte
1008 4509 1111 4576 Nobis
1144 4511 1287 4596 contigit.
1330 4509 1460 4592 Quanto
1492 4509 1616 4597 perfusi
1648 4507 1768 4594 gaudio

272 4614 375 4682 Vobis
409 4615 574 4701 publicum
607 4619 845 4684 convocationis
877 4617 1029 4683 Edictum
1060 4620 1349 4700 communicemus,
1383 4618 1474 4683 Deua
1499 4617 1586 4704 Ipse,
1620 4624 1768 4682 scrutans

272 4724 371 4789 corda
400 4734 433 4789 ct
460 4746 555 4790 renes
583 4725 686 4791 Nobis
712 4729 804 4792 testis
833 4735 892 4811 est,
923 4748 997 4793 cum
1027 4728 1147 4814 quippe
1168 4724 1211 4792 ab
1234 4727 1315 4812 ipsis
1347 4723 1572 4812 metropolitici
1601 4725 1768 4809 regiminis

278 4830 388 4899 Nostri
410 4832 592 4919 primordiis
619 4834 751 4900 assidue
778 4836 813 4899 in
839 4855 877 4899 eo
897 4843 1104 4900 versarentur
1131 4837 1342 4920 cogitationes
1363 4841 1397 4898 et
1417 4852 1532 4920 preces
1552 4831 1700 4914 Nostrae,
1732 4839 1768 4895 ut

271 4936 399 5027 legibus
421 4940 649 5007 ecclesiasticis
670 4964 734 5007 non
755 4945 860 5007 minus
882 4964 979 5029 quam
1012 4940 1270 5029 conspirantibus
1292 4940 1380 5006 Cleri
1400 4939 1511 5006 Nostri
1533 4937 1703 5005 desideriis
1725 4958 1769 5001 ex

271 5050 377 5114 animo
399 5049 605 5135 satisfacturi,
626 5051 747 5116 avitam
769 5041 985 5116 Consiliorum
1006 5053 1133 5136 praxim
1155 5050 1271 5117 faustis
1292 5049 1447 5134 auspiciis
1462 5050 1496 5112 in
1516 5047 1580 5112 hac
1601 5047 1768 5132 provincia

270 5162 497 5224 instauremus.
