3960 5956
1680 307 1720 372 61

224 524 265 594 01
301 512 345 593 in
375 508 612 619 hujusmodi
642 510 874 599 animarum
904 537 1001 590 cura
1039 537 1116 591 neo
1144 511 1319 619 tempori
1358 537 1436 591 nec
1464 508 1596 592 labori
1624 506 1722 619 par·

224 625 333 727 cant
391 642 449 725 Ut
477 671 599 752 porro
634 642 761 724 linem
789 642 949 723 muneri
988 669 1063 724 suo
1092 644 1375 751 praepositum
1404 641 1570 728 uberius
1608 669 1721 724 1110-

224 788 421 887 quantur,
470 779 561 886 pias
585 777 705 857 ‘inter
743 774 949 857 studiosos
989 774 1245 874 sodalitates,
1291 785 1415 885 prout
1454 776 1556 879 01111
1595 777 1729 858 moris

224 921 329 1012 erat,
369 909 624 1020 adprobante
664 909 872 1018 Episcopo
913 909 1092 1018 erigant;
1134 936 1239 1016 quae
1280 906 1449 990 sibene
1480 908 1720 1018 dirigimtur,

224 1044 417 1128 studiosis
453 1070 538 1124 non
567 1052 735 1124 tantum
764 1052 830 1125 sat
858 1041 1045 1149 amplum
1075 1041 1255 1129 exercitii
1293 1042 1336 1121 in
1366 1039 1462 1122 fidei
1492 1040 1722 1122 charitatis·

224 1205 304 1287 que
333 1173 526 1285 operibus
557 1203 752 1284 campum
781 1157 989 1283 aperiunt,
1029 1173 1104 1257 sed
1134 1183 1175 1256 et
1204 1172 1507 1257 conservandos
1541 1174 1584 1254 in
1613 1174 1722 1254 vitae

223 1309 457 1392 innocentia
495 1318 537 1389 01
570 1309 805 1417 integritate
844 1307 911 1389 vel
949 1291 1043 1388 ideo
1087 1307 1312 1416 plurimum
1357 1307 1575 1415 adjuvant,
1626 1306 1723 1413 quia
1860 1321 1864 1341 '

225 1441 456 1525 communis
499 1441 680 1550 plurium
718 1440 954 1522 exercitatio
993 1439 1179 1521 animum
1224 1438 1359 1537 addit,
1404 1438 1723 1522 aemulationem

226 1575 410 1690 excitat,
437 1584 653 1658 actuosum
675 1574 879 1681 juvenum
908 1572 1093 1653 animum
1123 1571 1289 1681 regulae
1327 1582 1368 1653 et
1397 1571 1529 1653 ordini
1560 1569 1724 1679 subjicit

226 1718 267 1790 et
295 1708 350 1789 ad
379 1707 573 1790 salutaria
602 1708 821 1789 conamina
851 1707 1000 1816 dirigit.
1032 1690 1225 1821 Accedit,
1255 1704 1368 1802 illos,
1399 1705 1470 1814 qui
1499 1706 1544 1785 in
1572 1703 1724 1786 scholis

226 1839 428 1951 ejusmodi
448 1839 733 1924 sodalitatibus
762 1867 914 1921 nomen
945 1837 1114 1936 dedere,
1145 1837 1322 1921 easdem,
1341 1838 1385 1919 in
1413 1848 1625 1947 posterum
1653 1837 1725 1918 vix

226 1971 489 2057 derelicturos
537 2001 653 2078 0110,Ι
697 1973 764 2054 vel
813 1972 867 2053 ad
911 1971 1124 2080 religiosas
1172 1972 1354 2054 virorum
1398 1970 1621 2084 ,00110011
1682 1997 1725 2081 Ι,1

228 2106 481 2190 trausihuos.
1619 2094 1624 2103 ⁵

343 2268 538 2392 00101111
567 2268 618 2350 de
645 2268 880 2351 scholarum
910 2240 1021 2350 statu
1050 2269 1206 2351 sincere
1245 2297 1341 2351 oum
1370 2269 1561 2382 delegato
1767 2360 1771 2365 ,

228 2406 321 2514 copi
350 2403 562 2486 conferant
591 2404 761 2511 ejusque
790 2403 961 2486 consilia
992 2413 1224 2511 sequantur.
1278 2402 1327 2484 In
1357 2401 1622 2489 relationibus
1651 2429 1724 2483 ex·
1759 2416 1772 2497 ’1
1921 2419 1923 2424 ’

228 2547 349 2620 eunte
378 2564 489 2618 anno
519 2566 593 2645 per
622 2536 856 2618 scholarum
886 2535 1106 2619 directores
1141 2536 1195 2618 ad
1231 2535 1486 2647 Episcopum
1511 2534 1725 2617 mittendis
1766 2518 1769 2523 ’

226 2670 394 2752 viriliter
431 2671 662 2780 postposito
702 2678 889 2778 respectu
929 2669 1113 2772 humano
1143 2669 1357 2750 veritatem
1386 2668 1582 2778 pandant,
1613 2668 1725 2751 aliis·

229 2831 309 2913 que
339 2804 464 2884 etiam
494 2800 779 2884 occasionibus
808 2812 932 2910 prout
960 2801 1004 2882 in
1032 2800 1216 2883 Domino
1257 2811 1536 2911 opportunum
1565 2798 1725 2883 videbi·

228 2947 303 3034 tur,
332 2922 432 3017 vota
460 2963 510 3016 ac
539 2932 845 3036 desideriosus
875 2934 1016 3042 quoad
1046 2934 1278 3016 scholarum
1304 2935 1582 3016 conditionem
1602 2933 1726 3015 Anti·

228 3068 312 3150 stiti
340 3066 469 3149 libera
497 3094 599 3148 voce
632 3068 852 3175 exponant.
914 3062 1054 3165 Quum
1089 3076 1229 3149 autem
1268 3067 1506 3150 catechetici
1545 3066 1726 3156 muneris

228 3201 357 3310 plura,
388 3227 514 3308 quam
549 3200 798 3308 reliquorum
828 3198 911 3281 sint
939 3197 1085 3299 officia,
1122 3209 1321 3308 tantaque
1350 3201 1558 3311 religionis
1588 3199 1726 3309 digni·

228 3343 292 3417 tas
321 3341 363 3413 01
391 3333 586 3442 gravitas,
620 3331 817 3441 Episcopi
847 3359 989 3414 curam
1017 3331 1283 3432 adhibebunt,
1320 3341 1368 3414 'ut
1396 3334 1605 3443 religionis
1634 3360 1726 3413 ma-

229 3465 345 3576 gistri
386 3465 552 3574 reliquis
596 3464 803 3547 studiosae
840 3466 1072 3575 juventutis
1115 3464 1442 3548 moderatoribus
1485 3446 1642 3548 honore
1685 3475 1728 3545 et

229 3597 434 3707 stipendio
471 3623 591 3707 pares
620 3597 867 3697 habeantur,
898 3607 1025 3706 utque
1054 3626 1129 3708 pro
1159 3598 1359 3681 tradenda
1387 3598 1597 3709 religionis
1626 3593 1743 3679 doc·¹
1835 3637 1837 3639 ·

229 3730 346 3829 trina,
377 3731 495 3839 cujus
523 3731 775 3839 praescripta
804 3731 975 3811 materia
1003 3732 1201 3841 temporis
1230 3733 1364 3840 spatio
1383 3731 1606 3839 hucusque
1625 3757 1727 3812 con-

231 3889 345 3949 cesso
374 3864 625 3972 experientia
652 3872 756 3946 teste
786 3862 946 3947 absolvi
965 3865 1117 3973 nequit,
1148 3866 1286 3974 plures
1305 3893 1379 3976 per
1399 3864 1584 3976 singulas
1604 3863 1728 3964 scho-

230 3993 363 4076 larum
402 3996 553 4079 classes
591 3996 718 4081 horae
747 3998 1019 4107 assignentur.
1118 3997 1121 4004 ’
1633 3994 1637 4001 “

346 4179 544 4289 Reliquos
574 4180 808 4263 scholarum
838 4180 1066 4262 mediarum
1105 4152 1335 4292 magistros,
1376 4208 1505 4289 quum
1544 4180 1727 4290 alioquin

231 4341 283 4394 ex
310 4321 407 4400 actu
436 4309 692 4396 Concordiae
736 4314 901 4396 nonnisi
944 4314 1020 4395 viri
1060 4313 1251 4395 catholici
1290 4341 1379 4396 esse
1416 4313 1614 4414 debeant,
1643 4339 1727 4422 ¹per

231 4446 387 4530 viscera
415 4445 623 4528 charitatis
655 4443 808 4529 Christi
838 4445 1111 4547 obtestamur,
1153 4456 1200 4528 ut
1238 4447 1281 4527 in
1303 4446 1524 4561 'omnibus‘
1555 4444 1727 4528 nobilis·

232 4578 358 4662 simos
387 4576 573 4686 fidosque
603 4605 648 4660 10
677 4577 899 4660 exhibeant
927 4577 1137 4660 Ecclesiae
1167 4576 1393 4663 catholicae
1431 4578 1549 4677 filios,
1590 4586 1727 4659 0111-

234 4711 449 4794 cerdotalis
477 4711 520 4792 in
559 4710 784 4793 excolenda
805 4712 1022 4820 juventute
1061 4713 1242 4795 muneris
1282 4720 1567 4822 cooperatores
1605 4737 1728 4821 para-

234 4843 424 4926 tissimos.
484 4840 689 4932 Nolumus
719 4870 897 4943 monere,
927 4855 973 4925 ut
1002 4845 1272 4942 meminerint,
1303 4842 1517 4952 stipendia,
1547 4843 1590 4924 in
1619 4871 1728 4924 mer-

235 4975 377 5058 cedem
405 4975 558 5059 laboris
587 4976 646 5058 eis
665 4977 886 5086 assignata,
918 4974 1226 5060 Catholicorum
1253 4977 1449 5086 pecunias
1469 5005 1569 5077 esse,
1600 5004 1728 5088 quum

235 5106 355 5209 bona,
386 5135 493 5217 quae
521 5108 673 5193 fundos
702 5108 912 5220 religionis
940 5119 983 5191 et
1020 5111 1249 5195 studiorum
1287 5111 1581 5212 constituunt,
1606 5118 1730 5219 prout
