3960 5956
1656 359 1792 467 3-

304 548 417 648 Oum'
452 577 591 648 autem
630 577 747 648 tanta·
784 568 837 649 sit
876 566 1042 650 Ordinis
1082 568 1346 649 sacerdotalis
1386 565 1587 675 dignitas:
1628 593 1677 645 1ο
1690 559 1702 574 ”

184 699 357 780 meliora
385 700 531 808 procul
560 700 687 782 dubio
707 699 902 805 ¹Clericos
932 701 1050 783 decet
1078 701 1276 782 aemulari
1306 700 1562 799 charismata,
1593 724 1676 805 quo

183 831 365 913 melioris
405 832 660 915 Testamenti
701 833 763 913 sui
803 861 874 913 eos
912 834 1036 943 elegit
1071 834 1279 913 ministros
1309 833 1397 938 ipse
1427 829 1507 910 Dei
1533 828 1677 926 Filius,

185 960 375 1045 Christus
395 964 613 1046 Dominus.
670 962 925 1081 ,Nosoamus
946 967 1099 1075 quid
1067 994 1205 1064 sunus,
1228 975 1269 1046 11
1288 963 1403 1072 quod
1424 962 1677 1071 professione
1824 1044 1830 1054 ,

184 1123 337 1196 sumus,
368 1096 529 1179 actibus
558 1075 845 1200 monstremus,
877 1111 923 1180 ut
952 1127 1105 1225 nomen
1135 1108 1338 1208 congruat
1367 1096 1537 1226 actioni,
1568 1096 1686 1186 actio,

188 1227 437 1336 respondeat
465 1231 636 1311 nomini
664 1226 729 1310 “fil

303 1358 432 1470 Cujus
463 1362 676 1482 dignitatis
706 1372 748 1443 11
776 1392 916 1446 111111
947 1393 1044 1446 suae
1080 1364 1345 1473 professionis
1381 1344 1496 1442 tanto
1533 1361 1681 1441 certius

185 1492 417 1576 sacerdotes
457 1494 630 1576 Domini
666 1523 870 1578 memores
910 1499 993 1578 sint
1030 1506 1208 1606 oportet,
1241 1504 1398 1603 quanto
1428 1493 1572 1574 fortius
1602 1492 1680 1573 ho-

187 1625 317 1707 diemi
347 1625 557 1708 Ecclesiae
586 1627 744 1708 inimici
774 1639 816 1709 et
844 1629 1009 1711 divinae
1045 1629 1273 1712 Sacerdotii
1309 1627 1495 1707 missioni
1536 1625 1680 1706 obluc-

185 1768 324 1850 tantm
353 1767 394 1839 et
423 1788 473 1840 ex
504 1759 627 1867 culpa
656 1761 916 1843 sacerdotum
941 1762 1007 1843 vel
1027 1761 1275 1844 levissima
1264 1785 1501 1840 mnumeras
1521 1757 1680 1838 calum·
1721 1833 1725 1840 .

185 1890 328 1972 niandi
360 1918 504 1973 causas
534 1891 817 1974 lubentissime
846 1893 926 1976 sibi
956 1894 1210 2004 confingunt.
1288 1911 1290 1914 ⁴

303 2021 420 2123 Quae
460 2052 588 2133 quum
628 2025 686 2104 ita
725 2026 807 2106 sint
814 2054 1044 2134 ,cumque
1087 2028 1178 2108 de
1167 2054 1258 2134 rpso
1289 1983 1399 2105 Novi
1428 2023 1681 2105 Testamenti

185 2153 413 2237 Mediatore
453 2167 495 2238 et
524 2155 746 2239 Sacerdote
785 2185 941 2268 magno
981 2161 1164 2269 primurn
1191 2186 1240 2239 ac
1271 2140 1544 2266 potissimum,
1575 2171 1709 2308 quae'

186 2290 324 2397 coepit
352 2288 484 2371 facere
515 2302 556 2372 11
584 2289 773 2372 docere
761 2319 804 2371 111
834 2291 1074 2401 Evangeliis
1105 2300 1501 2390 commemorentur,
1522 2298 1564 2369 et
1583 2289 1681 2397 quia

186 2422 297 2503 idem
326 2434 540 2531 pastorum
570 2425 761 2532 princeps
791 2452 897 2524 eum,
928 2425 1000 2532 qui
1029 2424 1170 2506 fecerit
1195 2432 1236 2503 et
1256 2421 1451 2520 docuerit,
1481 2425 1682 2530 magnum

88 2569 90 2572 ’
187 2556 231 2635 111
260 2582 390 2665 regno
421 2557 631 2638 coelorum
661 2556 883 2665 praedixit:
915 2557 1013 2639 hinc
1043 2568 1085 2640 ct
1115 2555 1305 2638 Patribus
1326 2556 1370 2635 in
1390 2544 1555 2635 ¹unitate
1585 2553 1681 2648 fidei

186 2691 461 2798 congregatis,
501 2690 792 2799 gravissimum
832 2692 1058 2799 praesentis
1090 2688 1268 2773 Concilii
1299 2688 1514 2797 negotium
1544 2687 1682 2794 opitu·
1735 2699 1737 2702 ’

186 2819 298 2902 lanto
337 2821 430 2905 Deo
472 2825 531 2905 sic
580 2822 772 2931 expedire
811 2817 978 2931 placuit,
1009 2834 1056 2903 ut
1084 2849 1183 2930 prae
1213 2820 1393 2917 caeteris,
1432 2831 1538 2927 quae
1578 2846 1679 2899 con-
1800 2810 1804 2815 ’

188 2980 336 3063 gruam
376 2952 523 3036 Ordini
569 2954 812 3036 sacerdotali
858 2955 1151 3064 perfectionem
1197 2960 1470 3051 concernunt,
1512 2949 1683 3034 Clericis

188 3084 259 3194 huj
262 3114 311 3168 us
358 3089 596 3196 provinciae
643 3087 890 3169 aemulanda
934 3088 1221 3169 mandaret
1180 3097 1221 3167 11
1268 3084 1558 3167 commendare
1604 3064 1683 3167 sibi

189 3229 478 3327 proponerent

801 3514 1074 3600 11111111.
1156 3513 1159 3517 ·
1281 3610 1284 3619 ,

271 3745 344 3826 1)1
370 3745 612 3827 catholica
638 3744 1053 3829 01111101111111111
1081 3749 1128 3826 et
1154 3732 1488 3826 communione
1518 3763 1627 3826 cum

686 3866 905 3946 Ecclesia
930 3865 1186 3947 servanda.

304 4113 667 4214 Quemadmodrnn
698 4115 868 4198 Patrum
898 4117 1187 4200 traditionibus
1216 4117 1474 4199 inhaerentes
1504 4119 1680 4225 primam

188 4247 310 4356 hujus
340 4246 500 4356 Synodi
530 4250 737 4330 actionem
767 4249 820 4331 ab
850 4252 1037 4332 unanimi
1056 4251 1152 4332 fidei
1179 4251 1406 4332 catholicae
1426 4249 1679 4359 professione

187 4380 484 4461 exordiendam
514 4381 727 4463 duximus:
759 4383 818 4463 sio
857 4384 1018 4491 pariter,
1050 4390 1354 4492 quamcumque
1384 4411 1483 4491 prae
1512 4383 1681 4464 caeteris
1748 4432 1750 4436 ·

187 4513 233 4593 in
270 4512 554 4595 sacerdotibus
594 4512 889 4620 perfectionem
924 4518 1178 4624 requirimus,
1209 4545 1259 4598 ex
1288 4516 1442 4597 invicta
1471 4524 1512 4596 11
1542 4513 1683 4595 ortho-

189 4644 300 4726 doxa
329 4674 472 4728 eormn
505 4645 587 4727 fide
607 4648 821 4752 rnetimur;
853 4675 959 4756 quae
979 4660 1102 4756 prout
1122 4649 1263 4732 salutis
1283 4649 1489 4728 humanae
1509 4647 1683 4746 initium,

189 4777 248 4858 ita
277 4804 442 4886 quoque
474 4763 740 4861 sacerdotalis
762 4781 948 4889 justitiae
978 4783 1096 4892 origo
1126 4786 1208 4881 est,
1229 4782 1316 4862 sine
1337 4809 1419 4888 qua
1439 4780 1575 4860 nullus
1605 4809 1684 4860 un·

190 4938 316 5019 quam
346 4910 484 4994 Deum
515 4914 753 5021 promeruit,
784 4913 921 4995 nullus
951 4914 1162 5027 fastigirmr
1192 4912 1452 5022 perfectionis
1479 4912 1682 5016 ascendit3

237 5196 264 5282 f)
286 5198 410 5263 Auctor
431 5196 505 5263 libri
527 5197 568 5262 dc
591 5197 704 5284 dignit.
727 5195 851 5264 sacerd.
874 5221 945 5286 cap.
967 5200 997 5263 3.
1021 5201 1068 5284 (in
1091 5197 1217 5264 collect.
1240 5198 1323 5285 Opp.
1347 5223 1372 5263 1.
1396 5197 1561 5284 Ambros.)
1598 5212 1600 5218 “
