3960 5956
1621 332 1723 397 XVII

233 536 297 598 ista
328 530 496 596 exhibebit
526 488 750 616 Meti-cpolitae
782 551 840 615 pro
873 528 1117 615 subscriptione
1149 539 1181 596 et
1203 530 1387 618 subscripta
1412 528 1519 596 tradet
1539 530 1730 596 Promotori·

236 640 297 706 bus
320 638 528 705 asservando.
861 642 862 645 ’

432 857 467 923 e)
485 854 633 911 umet·
650 830 1090 921 onerem-raetorum,
1109 853 1152 908 et
1169 853 1351 922 unisti-t
1371 867 1527 910 eorum.
1575 860 1578 865 ⁴

294 1036 297 1049 '
329 1022 449 1086 Eorum
476 1022 537 1085 erit
563 1042 691 1103 curare,
724 1028 760 1085 ut
785 1021 819 1084 in
841 1018 1155 1105 Congregetionibua
1182 1018 1388 1106 generalibus
1402 1006 1448 1084 ‘et
1470 1019 1726 1085 sollennitatibus

233 1130 372 1217 publicis
394 1132 500 1193 omnia
522 1138 554 1193 et
576 1129 704 1213 singule
726 1129 904 1194 secundum
928 1149 1074 1193 normam
1095 1131 1129 1191 in
1150 1127 1344 1192 celebrando
1367 1128 1511 1193 Concilio
1533 1129 1726 1192 servandam

233 1247 266 1302 et
287 1237 430 1323 alioquin
452 1238 538 1325 typis
562 1236 670 1301 datam
693 1236 881 1301 ordinentur
902 1245 934 1300 et
955 1244 1161 1321 peragentur.

273 1370 394 1434 Datum
417 1369 543 1455 Pragae
564 1372 598 1433 in
620 1369 703 1433 sesto
724 1368 774 1435 Ss.
796 1369 996 1454 Angelorum
1018 1367 1197 1432 Custodum
1220 1367 1273 1431 die
1294 1367 1324 1431 2.
1347 1366 1546 1453 Septembris
1570 1370 1660 1434 1860.

948 1524 1125 1607 liritcrious
1151 1523 1322 1605 tortionis
1347 1524 1624 1628 toluerreotcrg,

1002 1641 1005 1646 ’
1057 1644 1295 1712 memepnoopus
1312 1652 1502 1711 Metropolita.

946 2061 1009 2175 Π.

632 2290 929 2426 sonorus
960 2290 1320 2392 sruonnms.

389 2513 428 2614 1)
453 2512 559 2594 Acta
585 2511 948 2615 congregationum
974 2509 1224 2615 generalium
1251 2516 1293 2596 et
1319 2511 1552 2596 Sessionum.

628 2741 767 2796 Prima
782 2743 1052 2812 congregate·
1069 2742 1289 2813 tenendis.

325 2910 379 2975 Ad
405 2914 466 2974 rite
494 2908 766 2996 praeperandum
783 2918 889 2974 actum
917 2909 1040 2996 Synodi
1067 2909 1290 2997 provincialis,
1325 2912 1417 2995 cujus
1439 2911 1561 2996 apertio
1583 2911 1617 2973 in
1640 2908 1724 2972 diem

227 3018 257 3082 9.
280 3000 478 3103 Septembris
502 3015 861 3098 recommemorent,
884 3018 1099 3102 praecedente
1122 3019 1197 3083 huic
1221 3019 1283 3100 die,
1305 3018 1339 3081 id
1362 3026 1411 3081 est
1432 3020 1529 3082 Festo
1557 3019 1724 3081 Nativita-

227 3129 271 3217 tis
292 3127 335 3188 B.
357 3126 403 3187 M.
427 3126 466 3191 V.
489 3125 567 3189 hora
583 3125 813 3206 potocridiooo
834 3134 955 3206 quarte
976 3129 1009 3190 in
1032 3126 1171 3192 ecclesia
1193 3127 1357 3190 seminarii
1376 3122 1659 3212 archiepiscopalis
1682 3123 1725 3186 ad

228 3234 285 3300 SS.
308 3233 518 3316 Salvatorem‚
549 3232 609 3296 sub
632 3233 794 3318 praesidio
815 3232 1068 3298 Eminentissimi
1092 3232 1315 3319 Metropolitae
1338 3234 1449 3298 habita
1471 3240 1520 3297 est
1543 3232 1725 3316 Congrege-

229 3344 274 3405 tio
294 3342 467 3427 generalia.
929 3360 932 3366 ·
959 3365 961 3369 ·
1265 3322 1269 3333 ’

328 3450 555 3514 Convenerunt
576 3438 685 3533 itaque
711 3445 985 3511 Reverendissimi
1013 3446 1127 3512 Patres
1172 3446 1319 3530 Concilii,
1351 3447 1496 3511 rochetto
1526 3454 1558 3509 et
1587 3452 1725 3508 mozetta

227 3556 340 3640 induti,
362 3558 483 3620 caeteri
504 3576 625 3638 omnes,
659 3557 715 3641 qui
736 3554 779 3618 ad
807 3553 974 3638 Synodum
1012 3557 1118 3621 vocati
1145 3554 1273 3619 fuerant
1292 3553 1356 3620 -vel
1384 3561 1420 3617 ut
1451 3553 1644 3639 adparerent
1667 3553 1724 3635 jus

208 3663 425 3745 babuerunt,
455 3663 639 3727 saeculares
672 3664 857 3728 sacerdotes
884 3673 1007 3728 vestem
1039 3663 1173 3727 talarem
1206 3684 1278 3727 curn
1311 3661 1424 3749 pallio,
1460 3660 1626 3744 regulares
1647 3681 1724 3724 vero

227 3770 372 3835 habitum
395 3773 445 3834 sui
467 3769 599 3835 Ordinis
622 3769 821 3835 deserentes:
842 3779 939 3856 atque
962 3769 1081 3855 singuli
1104 3792 1160 3834 eas
1182 3770 1286 3854 sedes,
1319 3791 1402 3856 quae
1435 3775 1531 3832 antea
1563 3770 1603 3831 iis
1621 3767 1720 3831 desi-

226 3888 345 3965 gnatae
366 3879 503 3963 suerant,
526 3889 775 3967 occupaverunt.
818 3881 879 3964 llli,
892 3949 895 3953 ,
910 3883 965 3968 qui
994 3880 1161 3946 Officiales
1172 3879 1214 3945 ab
1236 3880 1499 3944 Eminentissimo
1521 3877 1725 3964 Metropolita

225 3989 380 4052 nominati
406 3996 506 4070 erant,
530 3997 621 4052 veste
645 3987 765 4051 chorali
787 3987 891 4051 induti
913 4009 1071 4073 apparere
1088 3989 1175 4072 jussi
1196 3987 1333 4051 suerent.
1367 3984 1464 4065 Quod
1485 3985 1572 4048 idem
1592 3986 1627 4048 in
1649 3983 1723 4048 sub·

226 4095 436 4181 sequentibus
459 4117 586 4180 quoque
609 4094 924 4180 Congregationibus
946 4093 1154 4179 generalibus
1183 4093 1421 4159 observandum
1445 4102 1523 4160 erat·
1715 4126 1761 4203 ,ᾖ

326 4203 484 4268 Omnibus
514 4203 739 4289 praesentibus
767 4213 800 4267 et
825 4205 997 4288 assignato
1018 4204 1130 4267 ordine
1158 4204 1271 4289 positis
1301 4202 1582 4266 Eminentissimus
1606 4200 1723 4265 Metro-
1749 4184 1761 4219 ⁷

226 4312 324 4398 polita
345 4312 489 4375 rochetto
512 4321 544 4375 et
566 4320 704 4375 mozetta
727 4311 868 4395 indutus,
892 4311 1064 4375 eeclesiam
1085 4312 1253 4394 ingressus
1277 4319 1335 4394 est,
1359 4311 1455 4375 etad
1483 4310 1584 4373 altare
1607 4309 1722 4392 majus,

224 4420 374 4503 imposita
404 4417 485 4482 stola
513 4418 605 4482 rubri
631 4416 761 4502 coloris,
787 4419 1044 4503 potentissimum
1079 4420 1181 4482 sancti
1203 4418 1341 4504 Spiritus
1363 4418 1518 4482 auxilium
1550 4439 1609 4503 per
1632 4417 1723 4500 hym-

191 4612 194 4617 *
224 4548 316 4589 num:
352 4527 432 4590 Veni
460 4527 594 4589 Creator
622 4529 768 4611 Spiritus
795 4529 974 4612 invocavit,
1003 4550 1099 4614 quem
1126 4528 1168 4594 ab
1196 4517 1439 4615 eo'ineoeptum
1462 4550 1570 4612 genua
1592 4529 1722 4591 flecten-

224 4632 312 4697 tibus
334 4633 493 4719 omnibus,
515 4637 635 4699 caeteri
656 4635 1007 4722 recitandu'prosecuti
1030 4645 1114 4702 sunt.
1143 4635 1298 4701 Subnexa
1319 4644 1369 4702 est
1400 4635 1442 4700 ab
1464 4636 1723 4731 Eminentissirno

225 4742 382 4806 Praesidc
405 4745 518 4807 oratio:
552 4747 719 4809 Adeamua
745 4753 777 4809 et
800 4746 1010 4828 Omnipotens
1031 4749 1222 4828 senpiterne
1244 4745 1347 4810 Deus.
1389 4745 1487 4808 Brevi
1510 4743 1584 4806 dein
1605 4742 1724 4807 allocu-

224 4853 310 4912 tione
348 4850 628 4915 Erninentissimus
666 4850 871 4938 Metropolita
898 4852 1108 4918 advenientes
1140 4854 1299 4935 salutans,
1328 4855 1554 4938 gravissimum
1589 4850 1722 4915 Concilii

224 4980 319 5043 opus,
350 4959 436 5043 quod
466 4968 538 5044 post
570 4968 693 5025 tanturn
716 4942 870 5026 annorum
898 4962 1101 5026 intervallum
1124 4963 1254 5028 tandem
1277 4983 1479 5027 reassumere
1502 4982 1560 5045 per
1582 4959 1723 5023 divinam

223 5068 361 5149 gratiam
394 5066 498 5151 licuit,
535 5077 631 5154 atque
660 5071 731 5153 ejus
767 5067 864 5134 finem
898 5068 1137 5157 salutaresque,
1170 5073 1225 5157 qui
1259 5079 1429 5156 sperentur
1464 5067 1604 5149 fruetus,
1639 5088 1723 5130 eom·

226 5172 401 5245 mendavit.

1422 5276 1443 5339 2
