3960 5956
362 310 404 374 40

362 513 440 595 Dei
455 523 510 594 'et
539 506 816 601 creaturarum
846 517 1076 598 substantia
1106 522 1314 617 asseritur,
1346 533 1396 601 et
1425 524 1555 629 ipsius
1585 520 1665 621 Dei
1696 523 1780 603 vivi
1811 550 1860 603 ac

361 648 447 761 veri
466 648 654 747 essentia,
686 650 826 729 omnia
846 660 981 731 cetera
1010 651 1167 734 infinite
1188 653 1492 754 transcendens,
1524 666 1710 764 negatur.
1743 654 1861 736 Haec

296 800 299 806 ’
354 781 452 888 jam'
473 808 653 861 vesanae
684 782 971 891 philosophiae
999 795 1228 896 systemata
1262 785 1517 884 damnantes,-
1549 815 1644 867 cum
1674 786 1861 869 Ecclesia

310 994 313 1000 .
362 911 566 994 catholica
606 914 869 1015 confitemur,
911 916 1108 1018 docemus
1149 930 1190 1028 et
1219 920 1441 1000 adoramus
1476 927 1606 1000 unum
1636 930 1678 1002 et
1706 922 1860 1003 trinum

360 1045 508 1146 Deum,
540 1049 806 1155 purissimum
837 1037 1038 1158 spiritum,
1071 1053 1140 1160 qui
1173 1051 1445 1159 spiritualem,
1486 1053 1742 1161 corporalem
1781 1053 1861 1134 hu·

360 1207 611 1290 marramque
642 1169 872 1265 ereaturam
904 1214 954 1266 ex
975 1184 1104 1266 nihilo
1125 1184 1230 1284 feeit,
1261 1185 1469 1267 liberrima
1489 1186 1656 1294 quidem
1676 1197 1718 1267 et
1737 1214 1860 1267 sanc-

359 1314 517 1416 tissima
527 1304 765 1423 'voluntate3
797 1319 868 1425 qui
899 1342 974 1399 sua
1003 1319 1188 1425 potentia
1218 1321 1358 1399 omnia
1385 1330 1617 1419 conservat,
1639 1329 1680 1401 et
1699 1319 1859 1403 infinita

221 1439 240 1486 ’·
309 1440 311 1443 ’
350 1530 352 1542 ,
358 1449 482 1567 simul
512 1444 777 1560 benignitate,
808 1452 1022 1559 sapientia,
1053 1453 1342 1542 sanctitateet
1355 1500 1360 1508 ,
1363 1454 1533 1561 justitia
1554 1452 1770 1563 gubernat.
1845 1502 1848 1503 f

463 1617 538 1699 De'
574 1621 783 1700 animae
814 1593 1247 1699 immortalitate.
1280 1615 1376 1698 Non
1396 1605 1760 1729 minus'rejieimus
1779 1620 1861 1701 alia

360 1764 604 1860 commenta,
636 1752 742 1861 quae
773 1752 824 1834 de
847 1743 993 1832 ¹anima
1025 1751 1209 1831 humana
1239 1742 1589 1853 circumferuntur,
1635 1782 1741 1862 quae
1772 1755 1859 1862 ejus

360 1886 614 1996 spiritualem
654 1886 837 1967 indolem
879 1896 919 1965 et
956 1876 1307 1966 immortalitatem
1347 1876 1610 2001 addubitant
1640 1896 1858 1996 negantve,

359 2003 539 2103 maxime
581 2019 680 2101 dum
722 2021 809 2128 ejus
850 2018 1125 2101 substantiam
1158 2046 1253 2097 cum
1283 2020 1467 2126 corporis
1495 2018 1726 2104 substantia
1746 2041 1858 2101 'con-

358 2154 587 2252 fundentes,
619 2149 747 2234 vitam
777 2152 1032 2261 spiritualem
1062 2151 1116 2232 ad
1147 2163 1309 2232 merum
1336 2181 1577 2261 processum
1616 2132 1859 2264 organicum

359 2288 593 2370 detrudunt.
655 2281 937 2368 Materialismi
976 2285 1044 2366 hic
1084 2314 1199 2388 error
1227 2286 1431 2392 pessimus
1461 2285 1758 2395 deplorabilem
1792 2287 1857 2367 in'-

360 2420 699 2503 differentismum
729 2420 875 2529 gignit,
907 2420 1025 2525 eujus
1054 2417 1192 2498 miseri
1225 2417 1405 2499 asseclae
1426 2447 1475 2500 ae
1495 2421 1602 2501 servi
1622 2419 1673 2501 de
1694 2429 1860 2501 aetema

358 2557 445 2636 vita
474 2549 587 2654 nihil,
619 2555 758 2641 onmia
789 2581 885 2635 vero
918 2552 1077 2633 dehac
1109 2552 1288 2638 terrestri
1306 2560 1482 2660 seperare
1505 2550 1715 2661 jubentur.
1766 2551 1857 2633 lmo

361 2715 455 2767 cum
496 2685 979 2795 expulsione-religionis
1007 2692 1329 2790 sanctorumque
1360 2712 1532 2792 operum
1553 2686 1677 2765 etiam
1706 2684 1810 2765 verit
1837 2731 1885 2770 ·‚

359 2822 411 2901 tis
441 2819 737 2901 ethonestatis
768 2847 891 2899 omne
922 2817 1104 2898 studium
1145 2814 1338 2914 exulabit,
1377 2827 1419 2898 et
1458 2845 1654 2899 sensuum
1703 2844 1857 2898 coneu-

358 2952 558 3059 piscentia
587 2951 785 3059 regimine
816 2950 923 3029 vitae
953 2956 1118 3056 arrepto
1149 2947 1338 3029 homines
1368 2948 1423 3029 ad
1453 2950 1691 3062 servitutem
1709 2946 1857 3059 ,libidi-

338 3083 433 3180 nis,
464 3082 698 3171 divitianrm
730 3093 770 3164 et
799 3075 971 3163 miserae
1001 3081 1217 3190 superbiae
1247 3083 1365 3190 quasi
1395 3086 1597 3193 captivos·
1610 3083 1754 3164 tradet.
1785 3081 1857 3184 Ine

284 3257 287 3261 ·
346 3215 608 3297 'stantissime
638 3201 779 3296 fideles
808 3201 1037 3316 monemus,
1068 3225 1115 3295 ut
1144 3215 1205 3302 abv
1238 3214 1441 3322 ejusmodi
1482 3215 1678 3298 doctrinis
1718 3215 1856 3315 remo-

238 3329 241 3335 ’
359 3348 514 3430 tissime
544 3347 747 3448 recedant,
778 3358 820 3428 et
848 3331 1092 3429 immortalis
1116 3348 1284 3454 animae
1321 3348 1499 3456 pretium
1520 3349 1678 3458 jugiter
1718 3348 1856 3441 eonsi-

360 3481 550 3563 derantes
579 3491 738 3562 mentes
768 3478 864 3562 suas
894 3481 948 3594 ad
978 3460 1183 3569 desideria,
1210 3480 1404 3561 eoelestia
1433 3481 1605 3590 erigant.

475 3661 550 3743 De
580 3643 780 3743 'ordine
811 3663 1237 3769 supernaturali.
1280 3660 1362 3744 Sed
1383 3662 1507 3743 etiam
1527 3660 1621 3743 illos
1640 3670 1857 3770 tamquam

359 3794 536 3877 nefarios
576 3795 720 3876 salutis
758 3795 965 3875 humanae
1004 3796 1145 3877 hostes
1179 3795 1467 3876 >renuntiamus
1504 3804 1546 3875 et
1574 3793 1857 3902 reprobamus,

360 3929 431 4035 qui
462 3927 600 4034 Deum
630 3926 797 4034 quidem
818 3937 859 4007 et
876 3929 1039 4007 animae
1060 3928 1411 4010 immortalitatem
1432 3915 1617 4009 confiteri
1638 3955 1682 4009 se
1703 3927 1856 4020 dicunt,

359 4072 424 4143 ast
452 4059 738 4172 potentissima
769 4059 930 4139 divinae
962 4059 1170 4140 eharitatis
1207 4042 1580 4142 etmiserioordiae
1617 4087 1745 4168 opera
1776 4058 1856 4147 dis.-

359 4192 536 4290 fitentur,
568 4190 668 4270 dmn
699 4190 881 4273 divinam
911 4191 1098 4300 gratiam,
1136 4191 1469 4296 redemtionem,
1490 4191 1857 4273 sanctificationem

359 4335 401 4404 et
431 4352 597 4404 omnem
628 4323 813 4403 ordinem
844 4322 1197 4431 supernaturalem
1226 4335 1393 4433 negant.
1455 4322 1562 4406 Sunt
1590 4351 1685 4405 vere
1715 4306 1857 4406 osores

360 4456 516 4564 gloriae
556 4455 655 4558 Dei,
697 4457 766 4562 qui
809 4455 1106 4564 benignissimo
1137 4455 1346 4537 eharitatis
1376 4455 1547 4538 consilio
1578 4484 1664 4537 non
1694 4466 1857 4540 tanturn

361 4590 514 4669 creavit
543 4617 631 4685 nos,
662 4589 734 4669 sed
766 4588 979 4670 altioribus
1009 4587 1130 4668 donis
1160 4599 1328 4670 ornatos
1358 4617 1484 4696 supra
1503 4600 1674 4670 naturae
1695 4599 1856 4670 creatae

359 4722 465 4801 vires
495 4730 536 4800 et
564 4722 814 4831 exigentiam
843 4720 1003 4803 elevare
1039 4722 1261 4816 constituit.
1323 4720 1429 4803 Sunt
1465 4721 1605 4803 hostes
1645 4719 1854 4802 humanae

271 4878 274 4884 ’
353 4851 581 4961 dignitatis,
623 4881 706 4961 qua
744 4882 829 4934 uon
869 4853 923 4933 ad
962 4848 1249 4935 rationabilem
1288 4851 1451 4935 tantum
1481 4853 1554 4936 sed
1583 4852 1648 4934 ad·
1668 4843 1856 4936 sanctam

360 4987 489 5066 vitam
519 4986 697 5067 filiorum
728 4985 807 5067 Dei
837 5016 1045 5087 vocamur,
1091 4987 1145 5068 ad
1175 4988 1368 5069 eximiam
1399 5013 1494 5068 cum
1524 4987 1616 5068 Deo
1647 4988 1855 5087 unionem,

360 5147 466 5229 quae
505 5121 601 5200 vivo
642 5121 851 5201 charitatis
890 5122 1097 5202 consortio
1137 5122 1179 5201 in
1219 5121 1284 5205 his
1322 5121 1440 5202 terris
1475 5119 1710 5219 inchoatur,
1741 5131 1783 5200 ct
1811 5121 1854 5200 in
