<?xml version="1.0" encoding="UTF-8"?>
<!DOCTYPE html PUBLIC "-//W3C//DTD XHTML 1.0 Transitional//EN"
    "http://www.w3.org/TR/xhtml1/DTD/xhtml1-transitional.dtd">
<html xmlns="http://www.w3.org/1999/xhtml" xml:lang="en" lang="en">
 <head>
  <title>
</title>
<meta http-equiv="Content-Type" content="text/html;charset=utf-8" />
  <meta name='ocr-system' content='tesseract 3.04.00' />
  <meta name='ocr-capabilities' content='ocr_page ocr_carea ocr_par ocr_line ocrx_word'/>
</head>
<body>
  <div class='ocr_page' id='page_1' title='image "actaetdecretaco00schwgoog_0114.png"; bbox 0 0 3960 5956; ppageno 0'>
   <div class='ocr_carea' id='block_1_1' title="bbox 1653 330 1693 393">
    <p class='ocr_par' dir='ltr' id='par_1_1' title="bbox 1653 330 1693 393">
     <span class='ocr_line' id='line_1_1' title="bbox 1653 330 1693 393; baseline 0.025 -1"><span class='ocrx_word' id='word_1_1' title='bbox 1653 330 1693 393; x_wconf 77' lang='lat'>47</span> 
     </span>
    </p>
   </div>
   <div class='ocr_carea' id='block_1_2' title="bbox 115 510 1698 1165">
    <p class='ocr_par' dir='ltr' id='par_1_2' title="bbox 115 510 1696 635">
     <span class='ocr_line' id='line_1_2' title="bbox 115 510 1696 635; baseline 0.004 -30"><span class='ocrx_word' id='word_1_2' title='bbox 115 519 121 542; x_wconf 89' lang='lat'><em>&#39;</em></span> <span class='ocrx_word' id='word_1_3' title='bbox 224 568 229 573; x_wconf 92' lang='lat'>·</span> <span class='ocrx_word' id='word_1_4' title='bbox 317 522 430 606; x_wconf 87' lang='lat' dir='ltr'>Hinc</span> <span class='ocrx_word' id='word_1_5' title='bbox 458 521 601 606; x_wconf 88' lang='lat' dir='ltr'>fideles</span> <span class='ocrx_word' id='word_1_6' title='bbox 621 534 785 608; x_wconf 88' lang='lat' dir='ltr'>nostros</span> <span class='ocrx_word' id='word_1_7' title='bbox 815 553 891 633; x_wconf 92' lang='lat' dir='ltr'>pro</span> <span class='ocrx_word' id='word_1_8' title='bbox 920 524 1017 612; x_wconf 73' lang='lat' dir='ltr'>Deo,</span> <span class='ocrx_word' id='word_1_9' title='bbox 1045 537 1087 607; x_wconf 87' lang='lat' dir='ltr'>et</span> <span class='ocrx_word' id='word_1_10' title='bbox 1115 537 1284 635; x_wconf 90' lang='lat' dir='ltr'>propter</span> <span class='ocrx_word' id='word_1_11' title='bbox 1303 526 1453 608; x_wconf 61' lang='lat' dir='ltr'>vDeum</span> <span class='ocrx_word' id='word_1_12' title='bbox 1478 510 1696 612; x_wconf 86' lang='lat' dir='ltr'>monemus</span> 
     </span>
    </p>

    <p class='ocr_par' dir='ltr' id='par_1_3' title="bbox 149 656 1698 1165">
     <span class='ocr_line' id='line_1_3' title="bbox 202 656 1697 764; baseline 0.004 -28"><span class='ocrx_word' id='word_1_13' title='bbox 202 683 299 764; x_wconf 90' lang='lat' dir='ltr'>prae</span> <span class='ocrx_word' id='word_1_14' title='bbox 340 658 504 755; x_wconf 88' lang='lat' dir='ltr'>ceteris,</span> <span class='ocrx_word' id='word_1_15' title='bbox 554 667 601 738; x_wconf 92' lang='lat' dir='ltr'>ut</span> <span class='ocrx_word' id='word_1_16' title='bbox 639 667 826 738; x_wconf 83' lang='lat' dir='ltr'>sanctam</span> <span class='ocrx_word' id='word_1_17' title='bbox 869 656 967 758; x_wconf 91' lang='lat' dir='ltr'>fidei</span> <span class='ocrx_word' id='word_1_18' title='bbox 1006 685 1104 738; x_wconf 87' lang='lat' dir='ltr'>suae</span> <span class='ocrx_word' id='word_1_19' title='bbox 1145 658 1444 741; x_wconf 88' lang='lat' dir='ltr'>confessionem</span> <span class='ocrx_word' id='word_1_20' title='bbox 1487 658 1541 741; x_wconf 92' lang='lat' dir='ltr'>ab</span> <span class='ocrx_word' id='word_1_21' title='bbox 1582 663 1697 741; x_wconf 92' lang='lat' dir='ltr'>omni</span> 
     </span>
     <span class='ocr_line' id='line_1_4' title="bbox 149 772 1696 898; baseline 0.003 -28"><span class='ocrx_word' id='word_1_22' title='bbox 149 772 153 779; x_wconf 38' lang='lat'>¹</span> <span class='ocrx_word' id='word_1_23' title='bbox 203 790 463 898; x_wconf 81' lang='lat' dir='ltr'>contagionis</span> <span class='ocrx_word' id='word_1_24' title='bbox 483 790 745 897; x_wconf 82' lang='lat' dir='ltr'>corruptione</span> <span class='ocrx_word' id='word_1_25' title='bbox 774 776 932 898; x_wconf 68' lang='lat' dir='ltr'>bigiles</span> <span class='ocrx_word' id='word_1_26' title='bbox 952 789 1210 898; x_wconf 82' lang='lat' dir='ltr'>humilesque</span> <span class='ocrx_word' id='word_1_27' title='bbox 1242 792 1487 873; x_wconf 88' lang='lat' dir='ltr'>custodiant.</span> <span class='ocrx_word' id='word_1_28' title='bbox 1547 793 1696 874; x_wconf 89' lang='lat' dir='ltr'>Memi-</span> 
     </span>
     <span class='ocr_line' id='line_1_5' title="bbox 203 917 1698 1032; baseline 0.002 -30"><span class='ocrx_word' id='word_1_29' title='bbox 203 922 357 1020; x_wconf 90' lang='lat' dir='ltr'>nerint,</span> <span class='ocrx_word' id='word_1_30' title='bbox 399 948 482 1029; x_wconf 93' lang='lat' dir='ltr'>qua</span> <span class='ocrx_word' id='word_1_31' title='bbox 510 922 738 1019; x_wconf 86' lang='lat' dir='ltr'>severitate,</span> <span class='ocrx_word' id='word_1_32' title='bbox 776 921 969 1003; x_wconf 89' lang='lat' dir='ltr'>videlieet</span> <span class='ocrx_word' id='word_1_33' title='bbox 998 920 1075 1003; x_wconf 94' lang='lat' dir='ltr'>sub</span> <span class='ocrx_word' id='word_1_34' title='bbox 1105 924 1223 1032; x_wconf 89' lang='lat' dir='ltr'>gravi</span> <span class='ocrx_word' id='word_1_35' title='bbox 1257 934 1373 1005; x_wconf 90' lang='lat' dir='ltr'>reatu</span> <span class='ocrx_word' id='word_1_36' title='bbox 1403 917 1698 1031; x_wconf 78' lang='lat' dir='ltr'>prohibeantur</span> 
     </span>
     <span class='ocr_line' id='line_1_6' title="bbox 203 1051 1697 1165; baseline 0 -28"><span class='ocrx_word' id='word_1_37' title='bbox 203 1064 320 1138; x_wconf 88' lang='lat' dir='ltr'>actus</span> <span class='ocrx_word' id='word_1_38' title='bbox 359 1053 560 1163; x_wconf 87' lang='lat' dir='ltr'>religiosi,</span> <span class='ocrx_word' id='word_1_39' title='bbox 617 1051 771 1162; x_wconf 85' lang='lat' dir='ltr'>quibus</span> <span class='ocrx_word' id='word_1_40' title='bbox 807 1082 902 1134; x_wconf 92' lang='lat' dir='ltr'>cum</span> <span class='ocrx_word' id='word_1_41' title='bbox 941 1054 1156 1136; x_wconf 81' lang='lat' dir='ltr'>haereticis</span> <span class='ocrx_word' id='word_1_42' title='bbox 1194 1055 1237 1135; x_wconf 93' lang='lat' dir='ltr'>in</span> <span class='ocrx_word' id='word_1_43' title='bbox 1275 1054 1397 1137; x_wconf 87' lang='lat' dir='ltr'>rebus</span> <span class='ocrx_word' id='word_1_44' title='bbox 1434 1055 1530 1137; x_wconf 87' lang='lat' dir='ltr'>fidei</span> <span class='ocrx_word' id='word_1_45' title='bbox 1563 1056 1697 1165; x_wconf 67' lang='lat' dir='ltr'>‘parti-</span> 
     </span>
    </p>
   </div>
   <div class='ocr_carea' id='block_1_3' title="bbox 204 1175 1962 1296">
    <p class='ocr_par' dir='ltr' id='par_1_4' title="bbox 204 1175 1962 1296">
     <span class='ocr_line' id='line_1_7' title="bbox 204 1175 1962 1296; baseline -0.002 -28"><span class='ocrx_word' id='word_1_46' title='bbox 204 1187 356 1294; x_wconf 89' lang='lat' dir='ltr'>cipatio</span> <span class='ocrx_word' id='word_1_47' title='bbox 376 1213 449 1268; x_wconf 90' lang='lat' dir='ltr'>seu</span> <span class='ocrx_word' id='word_1_48' title='bbox 470 1187 707 1267; x_wconf 85' lang='lat' dir='ltr'>commmuo</span> <span class='ocrx_word' id='word_1_49' title='bbox 732 1185 776 1265; x_wconf 90' lang='lat' dir='ltr'>in</span> <span class='ocrx_word' id='word_1_50' title='bbox 796 1187 923 1268; x_wconf 90' lang='lat' dir='ltr'>saeris</span> <span class='ocrx_word' id='word_1_51' title='bbox 949 1175 1171 1295; x_wconf 89' lang='lat' dir='ltr'>exercetur.</span> <span class='ocrx_word' id='word_1_52' title='bbox 1202 1186 1315 1268; x_wconf 82' lang='lat' dir='ltr'>Inter</span> <span class='ocrx_word' id='word_1_53' title='bbox 1344 1186 1425 1268; x_wconf 90' lang='lat' dir='ltr'>alia</span> <span class='ocrx_word' id='word_1_54' title='bbox 1454 1188 1558 1272; x_wconf 88' lang='lat' dir='ltr'>haec</span> <span class='ocrx_word' id='word_1_55' title='bbox 1588 1186 1702 1296; x_wconf 71' lang='lat' dir='ltr'>Sym·</span> <span class='ocrx_word' id='word_1_56' title='bbox 1834 1223 1838 1228; x_wconf 92' lang='lat'>·</span> <span class='ocrx_word' id='word_1_57' title='bbox 1957 1220 1962 1238; x_wconf 55' lang='lat'><strong>³</strong></span> 
     </span>
    </p>
   </div>
   <div class='ocr_carea' id='block_1_4' title="bbox 205 1316 1734 1692">
    <p class='ocr_par' dir='ltr' id='par_1_5' title="bbox 205 1316 1734 1692">
     <span class='ocr_line' id='line_1_8' title="bbox 206 1316 1699 1428; baseline 0.002 -30"><span class='ocrx_word' id='word_1_58' title='bbox 206 1317 310 1399; x_wconf 88' lang='lat' dir='ltr'>odus</span> <span class='ocrx_word' id='word_1_59' title='bbox 340 1316 547 1399; x_wconf 83' lang='lat' dir='ltr'>interdicit</span> <span class='ocrx_word' id='word_1_60' title='bbox 575 1317 785 1418; x_wconf 85' lang='lat' dir='ltr'>fidelibus,</span> <span class='ocrx_word' id='word_1_61' title='bbox 816 1347 869 1399; x_wconf 90' lang='lat' dir='ltr'>ne</span> <span class='ocrx_word' id='word_1_62' title='bbox 900 1319 1057 1400; x_wconf 89' lang='lat' dir='ltr'>cultum</span> <span class='ocrx_word' id='word_1_63' title='bbox 1091 1319 1330 1428; x_wconf 83' lang='lat' dir='ltr'>religiosum</span> <span class='ocrx_word' id='word_1_64' title='bbox 1360 1319 1699 1401; x_wconf 86' lang='lat' dir='ltr'>Acatholicorum</span> 
     </span>
     <span class='ocr_line' id='line_1_9' title="bbox 206 1450 1734 1561; baseline 0.002 -30"><span class='ocrx_word' id='word_1_65' title='bbox 206 1452 324 1557; x_wconf 87' lang='lat' dir='ltr'>quasi</span> <span class='ocrx_word' id='word_1_66' title='bbox 363 1450 486 1533; x_wconf 90' lang='lat' dir='ltr'>simul</span> <span class='ocrx_word' id='word_1_67' title='bbox 524 1451 654 1532; x_wconf 91' lang='lat' dir='ltr'>acturi</span> <span class='ocrx_word' id='word_1_68' title='bbox 694 1451 865 1549; x_wconf 83' lang='lat' dir='ltr'>adeant,</span> <span class='ocrx_word' id='word_1_69' title='bbox 896 1479 1121 1559; x_wconf 91' lang='lat' dir='ltr'>eorumque</span> <span class='ocrx_word' id='word_1_70' title='bbox 1152 1451 1421 1533; x_wconf 88' lang='lat' dir='ltr'>concionibus</span> <span class='ocrx_word' id='word_1_71' title='bbox 1460 1453 1504 1533; x_wconf 92' lang='lat' dir='ltr'>in</span> <span class='ocrx_word' id='word_1_72' title='bbox 1533 1452 1734 1561; x_wconf 84' lang='lat' dir='ltr'>templis&#39;</span> 
     </span>
     <span class='ocr_line' id='line_1_10' title="bbox 205 1578 1700 1692; baseline 0.002 -28"><span class='ocrx_word' id='word_1_73' title='bbox 205 1583 405 1664; x_wconf 81' lang='lat' dir='ltr'>intersint</span> <span class='ocrx_word' id='word_1_74' title='bbox 465 1581 515 1666; x_wconf 89' lang='lat' dir='ltr'>ln</span> <span class='ocrx_word' id='word_1_75' title='bbox 545 1581 863 1690; x_wconf 88' lang='lat' dir='ltr'>baptismatibus</span> <span class='ocrx_word' id='word_1_76' title='bbox 893 1612 1057 1681; x_wconf 88' lang='lat' dir='ltr'>eorum,</span> <span class='ocrx_word' id='word_1_77' title='bbox 1098 1578 1259 1665; x_wconf 89' lang='lat' dir='ltr'>etiamsi</span> <span class='ocrx_word' id='word_1_78' title='bbox 1298 1583 1350 1665; x_wconf 92' lang='lat' dir='ltr'>de</span> <span class='ocrx_word' id='word_1_79' title='bbox 1389 1585 1476 1670; x_wconf 89' lang='lat' dir='ltr'>veri</span> <span class='ocrx_word' id='word_1_80' title='bbox 1505 1583 1700 1692; x_wconf 83' lang='lat' dir='ltr'>baptismi</span> 
     </span>
    </p>
   </div>
   <div class='ocr_carea' id='block_1_5' title="bbox 71 1713 1701 1833">
    <p class='ocr_par' dir='ltr' id='par_1_6' title="bbox 71 1713 1701 1833">
     <span class='ocr_line' id='line_1_11' title="bbox 71 1713 1701 1833; baseline 0.001 -37"><span class='ocrx_word' id='word_1_81' title='bbox 71 1746 74 1751; x_wconf 91' lang='lat'>·</span> <span class='ocrx_word' id='word_1_82' title='bbox 207 1714 561 1818; x_wconf 85' lang='lat' dir='ltr'>administratione</span> <span class='ocrx_word' id='word_1_83' title='bbox 591 1714 765 1795; x_wconf 91' lang='lat' dir='ltr'>nullum</span> <span class='ocrx_word' id='word_1_84' title='bbox 782 1713 954 1796; x_wconf 89' lang='lat' dir='ltr'>dubium</span> <span class='ocrx_word' id='word_1_85' title='bbox 994 1718 1067 1813; x_wconf 90' lang='lat' dir='ltr'>sit,</span> <span class='ocrx_word' id='word_1_86' title='bbox 1108 1722 1206 1797; x_wconf 87' lang='lat' dir='ltr'>non&#39;</span> <span class='ocrx_word' id='word_1_87' title='bbox 1232 1715 1351 1796; x_wconf 87' lang='lat' dir='ltr'>facile</span> <span class='ocrx_word' id='word_1_88' title='bbox 1391 1726 1536 1815; x_wconf 88' lang='lat' dir='ltr'>testes,</span> <span class='ocrx_word' id='word_1_89' title='bbox 1577 1745 1701 1833; x_wconf 85' lang='lat' dir='ltr'>num-</span> 
     </span>
    </p>
   </div>
   <div class='ocr_carea' id='block_1_6' title="bbox 186 1848 1702 2096">
    <p class='ocr_par' dir='ltr' id='par_1_7' title="bbox 186 1848 1702 2096">
     <span class='ocr_line' id='line_1_12' title="bbox 186 1848 1702 1969; baseline 0.001 -40"><span class='ocrx_word' id='word_1_90' title='bbox 186 1874 333 1955; x_wconf 34' lang='lat' dir='ltr'>,quam</span> <span class='ocrx_word' id='word_1_91' title='bbox 352 1875 451 1928; x_wconf 89' lang='lat' dir='ltr'>vero</span> <span class='ocrx_word' id='word_1_92' title='bbox 479 1848 665 1969; x_wconf 87' lang='lat' dir='ltr'>patrinos</span> <span class='ocrx_word' id='word_1_93' title='bbox 684 1857 824 1956; x_wconf 82' lang='lat' dir='ltr'>agant,</span> <span class='ocrx_word' id='word_1_94' title='bbox 855 1876 951 1929; x_wconf 92' lang='lat' dir='ltr'>cum</span> <span class='ocrx_word' id='word_1_95' title='bbox 970 1859 1132 1956; x_wconf 87' lang='lat' dir='ltr'>praeter</span> <span class='ocrx_word' id='word_1_96' title='bbox 1151 1849 1322 1930; x_wconf 85' lang='lat' dir='ltr'>vetitam</span> <span class='ocrx_word' id='word_1_97' title='bbox 1352 1849 1395 1928; x_wconf 88' lang='lat' dir='ltr'>in</span> <span class='ocrx_word' id='word_1_98' title='bbox 1416 1849 1565 1930; x_wconf 91' lang='lat' dir='ltr'>divinis</span> <span class='ocrx_word' id='word_1_99' title='bbox 1585 1877 1702 1931; x_wconf 90' lang='lat' dir='ltr'>ccm-</span> 
     </span>
     <span class='ocr_line' id='line_1_13' title="bbox 206 1979 1701 2096; baseline 0.001 -36"><span class='ocrx_word' id='word_1_100' title='bbox 206 1980 541 2096; x_wconf 88' lang='lat' dir='ltr'>municationem,</span> <span class='ocrx_word' id='word_1_101' title='bbox 570 1979 765 2061; x_wconf 86' lang='lat' dir='ltr'>catholici</span> <span class='ocrx_word' id='word_1_102' title='bbox 793 1981 944 2088; x_wconf 89' lang='lat' dir='ltr'>patrini</span> <span class='ocrx_word' id='word_1_103' title='bbox 973 1981 1155 2063; x_wconf 82' lang='lat' dir='ltr'>officium</span> <span class='ocrx_word' id='word_1_104' title='bbox 1175 1982 1414 2088; x_wconf 90' lang='lat' dir='ltr'>promittere</span> <span class='ocrx_word' id='word_1_105' title='bbox 1442 1992 1517 2062; x_wconf 90' lang='lat' dir='ltr'>aut</span> <span class='ocrx_word' id='word_1_106' title='bbox 1536 2009 1701 2089; x_wconf 77' lang='lat' dir='ltr'>sperma</span> 
     </span>
    </p>
   </div>
   <div class='ocr_carea' id='block_1_7' title="bbox 209 2110 1925 2220">
    <p class='ocr_par' dir='ltr' id='par_1_8' title="bbox 209 2110 1925 2220">
     <span class='ocr_line' id='line_1_14' title="bbox 209 2110 1925 2220; baseline -0.001 -27"><span class='ocrx_word' id='word_1_107' title='bbox 209 2111 260 2193; x_wconf 91' lang='lat' dir='ltr'>de</span> <span class='ocrx_word' id='word_1_108' title='bbox 290 2113 378 2220; x_wconf 90' lang='lat' dir='ltr'>ejus</span> <span class='ocrx_word' id='word_1_109' title='bbox 408 2110 642 2220; x_wconf 85' lang='lat' dir='ltr'>expletione</span> <span class='ocrx_word' id='word_1_110' title='bbox 672 2141 758 2193; x_wconf 90' lang='lat' dir='ltr'>non</span> <span class='ocrx_word' id='word_1_111' title='bbox 787 2114 959 2220; x_wconf 86' lang='lat' dir='ltr'>possint.</span> <span class='ocrx_word' id='word_1_112' title='bbox 987 2114 1167 2195; x_wconf 82' lang='lat' dir='ltr'>Maxime</span> <span class='ocrx_word' id='word_1_113' title='bbox 1197 2140 1296 2193; x_wconf 89' lang='lat' dir='ltr'>vero</span> <span class='ocrx_word' id='word_1_114' title='bbox 1327 2124 1502 2194; x_wconf 88' lang='lat' dir='ltr'>caveant</span> <span class='ocrx_word' id='word_1_115' title='bbox 1530 2111 1584 2200; x_wconf 90' lang='lat' dir='ltr'>ab</span> <span class='ocrx_word' id='word_1_116' title='bbox 1613 2115 1702 2195; x_wconf 91' lang='lat' dir='ltr'>ine-</span> <span class='ocrx_word' id='word_1_117' title='bbox 1784 2150 1786 2155; x_wconf 57' lang='grc'><em>’</em></span> <span class='ocrx_word' id='word_1_118' title='bbox 1893 2141 1925 2192; x_wconf 92' lang='grc'>·.</span> 
     </span>
    </p>
   </div>
   <div class='ocr_carea' id='block_1_8' title="bbox 133 2243 1753 3407">
    <p class='ocr_par' dir='ltr' id='par_1_9' title="bbox 133 2233 1753 3407">
     <span class='ocr_line' id='line_1_15' title="bbox 207 2243 1703 2354; baseline 0.001 -29"><span class='ocrx_word' id='word_1_119' title='bbox 207 2243 330 2326; x_wconf 87' lang='lat' dir='ltr'>undis</span> <span class='ocrx_word' id='word_1_120' title='bbox 358 2245 501 2336; x_wconf 84' lang='lat' dir='ltr'>mixtis</span> <span class='ocrx_word' id='word_1_121' title='bbox 527 2245 820 2344; x_wconf 86' lang='lat' dir='ltr'>matrimoniis,</span> <span class='ocrx_word' id='word_1_122' title='bbox 852 2272 1029 2353; x_wconf 90' lang='lat' dir='ltr'>quorum</span> <span class='ocrx_word' id='word_1_123' title='bbox 1056 2244 1311 2353; x_wconf 92' lang='lat' dir='ltr'>deploranda</span> <span class='ocrx_word' id='word_1_124' title='bbox 1341 2246 1495 2327; x_wconf 90' lang='lat' dir='ltr'>damna</span> <span class='ocrx_word' id='word_1_125' title='bbox 1524 2256 1566 2327; x_wconf 92' lang='lat' dir='ltr'>et</span> <span class='ocrx_word' id='word_1_126' title='bbox 1594 2247 1703 2354; x_wconf 87' lang='lat' dir='ltr'>peri·</span> 
     </span>
     <span class='ocr_line' id='line_1_16' title="bbox 209 2375 1703 2492; baseline -0.001 -33"><span class='ocrx_word' id='word_1_127' title='bbox 209 2377 302 2459; x_wconf 91' lang='lat' dir='ltr'>cula</span> <span class='ocrx_word' id='word_1_128' title='bbox 330 2378 564 2461; x_wconf 70' lang='lat' dir='ltr'>tristimima</span> <span class='ocrx_word' id='word_1_129' title='bbox 593 2379 845 2485; x_wconf 87' lang='lat' dir='ltr'>experientia</span> <span class='ocrx_word' id='word_1_130' title='bbox 874 2375 1038 2462; x_wconf 89' lang='lat' dir='ltr'>abunde</span> <span class='ocrx_word' id='word_1_131' title='bbox 1069 2378 1261 2486; x_wconf 88' lang='lat' dir='ltr'>loquitur.</span> <span class='ocrx_word' id='word_1_132' title='bbox 1317 2376 1485 2492; x_wconf 84' lang='lat' dir='ltr'>Praeter</span> <span class='ocrx_word' id='word_1_133' title='bbox 1514 2406 1703 2459; x_wconf 90' lang='lat' dir='ltr'>commu-</span> 
     </span>
     <span class='ocr_line' id='line_1_17' title="bbox 133 2505 1753 2620; baseline 0.002 -30"><span class='ocrx_word' id='word_1_134' title='bbox 133 2505 137 2513; x_wconf 74' lang='grc'><strong><em>’</em></strong></span> <span class='ocrx_word' id='word_1_135' title='bbox 208 2510 376 2591; x_wconf 90' lang='lat' dir='ltr'>nionem</span> <span class='ocrx_word' id='word_1_136' title='bbox 396 2511 506 2591; x_wconf 90' lang='lat' dir='ltr'>enim</span> <span class='ocrx_word' id='word_1_137' title='bbox 536 2511 579 2591; x_wconf 93' lang='lat' dir='ltr'>in</span> <span class='ocrx_word' id='word_1_138' title='bbox 600 2511 732 2592; x_wconf 86' lang='lat' dir='ltr'>sacris·</span> <span class='ocrx_word' id='word_1_139' title='bbox 748 2539 833 2591; x_wconf 88' lang='lat' dir='ltr'>non</span> <span class='ocrx_word' id='word_1_140' title='bbox 853 2519 1016 2617; x_wconf 85' lang='lat' dir='ltr'>tanturn</span> <span class='ocrx_word' id='word_1_141' title='bbox 1036 2511 1115 2617; x_wconf 91' lang='lat' dir='ltr'>ipsi</span> <span class='ocrx_word' id='word_1_142' title='bbox 1136 2509 1341 2593; x_wconf 75' lang='lat' dir='ltr'>Catholici</span> <span class='ocrx_word' id='word_1_143' title='bbox 1360 2511 1589 2620; x_wconf 89' lang='lat' dir='ltr'>perieulum</span> <span class='ocrx_word' id='word_1_144' title='bbox 1608 2509 1706 2594; x_wconf 86' lang='lat' dir='ltr'>fidei</span> <span class='ocrx_word' id='word_1_145' title='bbox 1751 2569 1753 2575; x_wconf 87' lang='lat'>·</span> 
     </span>
     <span class='ocr_line' id='line_1_18' title="bbox 209 2640 1704 2752; baseline 0.001 -31"><span class='ocrx_word' id='word_1_146' title='bbox 209 2641 432 2742; x_wconf 88' lang='lat' dir='ltr'>incurrunt,</span> <span class='ocrx_word' id='word_1_147' title='bbox 463 2642 538 2723; x_wconf 90' lang='lat' dir='ltr'>sed</span> <span class='ocrx_word' id='word_1_148' title='bbox 557 2653 600 2724; x_wconf 88' lang='lat' dir='ltr'>et</span> <span class='ocrx_word' id='word_1_149' title='bbox 619 2641 969 2750; x_wconf 86' lang='lat' dir='ltr'>procreandorum</span> <span class='ocrx_word' id='word_1_150' title='bbox 989 2640 1212 2724; x_wconf 90' lang='lat' dir='ltr'>liberorum</span> <span class='ocrx_word' id='word_1_151' title='bbox 1233 2652 1387 2727; x_wconf 84' lang='lat' dir='ltr'>sortem</span> <span class='ocrx_word' id='word_1_152' title='bbox 1417 2644 1460 2723; x_wconf 88' lang='lat' dir='ltr'>in</span> <span class='ocrx_word' id='word_1_153' title='bbox 1481 2670 1524 2723; x_wconf 89' lang='lat' dir='ltr'>re</span> <span class='ocrx_word' id='word_1_154' title='bbox 1544 2644 1704 2752; x_wconf 87' lang='lat' dir='ltr'>gravis·</span> 
     </span>
     <span class='ocr_line' id='line_1_19' title="bbox 209 2755 1704 2895; baseline -0.001 -39"><span class='ocrx_word' id='word_1_155' title='bbox 209 2774 315 2856; x_wconf 88' lang='lat' dir='ltr'>sima</span> <span class='ocrx_word' id='word_1_156' title='bbox 344 2774 487 2858; x_wconf 86' lang='lat' dir='ltr'>salutis</span> <span class='ocrx_word' id='word_1_157' title='bbox 507 2785 698 2857; x_wconf 86' lang='lat' dir='ltr'>aeternae</span> <span class='ocrx_word' id='word_1_158' title='bbox 729 2785 794 2857; x_wconf 88' lang='lat' dir='ltr'>sat</span> <span class='ocrx_word' id='word_1_159' title='bbox 823 2786 966 2883; x_wconf 89' lang='lat' dir='ltr'>aperto</span> <span class='ocrx_word' id='word_1_160' title='bbox 988 2755 1213 2895; x_wconf 86' lang='lat' dir='ltr'>discrimini</span> <span class='ocrx_word' id='word_1_161' title='bbox 1233 2786 1467 2882; x_wconf 81' lang='lat' dir='ltr'>exponunt3</span> <span class='ocrx_word' id='word_1_162' title='bbox 1498 2786 1554 2886; x_wconf 88' lang='lat' dir='ltr'>et</span> <span class='ocrx_word' id='word_1_163' title='bbox 1570 2802 1704 2882; x_wconf 91' lang='lat' dir='ltr'>quan-</span> 
     </span>
     <span class='ocr_line' id='line_1_20' title="bbox 210 2906 1706 3016; baseline 0 -29"><span class='ocrx_word' id='word_1_164' title='bbox 210 2915 300 2987; x_wconf 92' lang='lat' dir='ltr'>tum</span> <span class='ocrx_word' id='word_1_165' title='bbox 320 2907 497 3015; x_wconf 90' lang='lat' dir='ltr'>denique</span> <span class='ocrx_word' id='word_1_166' title='bbox 518 2908 697 2989; x_wconf 87' lang='lat' dir='ltr'>dedecus</span> <span class='ocrx_word' id='word_1_167' title='bbox 718 2908 891 2988; x_wconf 87' lang='lat' dir='ltr'>miserae</span> <span class='ocrx_word' id='word_1_168' title='bbox 906 2906 1204 2988; x_wconf 87' lang='lat' dir='ltr'>indifferentiae</span> <span class='ocrx_word' id='word_1_169' title='bbox 1224 2917 1314 2987; x_wconf 91' lang='lat' dir='ltr'>tum</span> <span class='ocrx_word' id='word_1_170' title='bbox 1334 2908 1377 2986; x_wconf 93' lang='lat' dir='ltr'>in</span> <span class='ocrx_word' id='word_1_171' title='bbox 1398 2908 1596 3016; x_wconf 83' lang='lat' dir='ltr'>religione</span> <span class='ocrx_word' id='word_1_172' title='bbox 1615 2917 1706 2987; x_wconf 88' lang='lat' dir='ltr'>tum</span> 
     </span>
     <span class='ocr_line' id='line_1_21' title="bbox 209 3039 1708 3151; baseline 0.001 -31"><span class='ocrx_word' id='word_1_173' title='bbox 209 3039 254 3120; x_wconf 92' lang='lat' dir='ltr'>in</span> <span class='ocrx_word' id='word_1_174' title='bbox 271 3049 417 3121; x_wconf 92' lang='lat' dir='ltr'>mutuo</span> <span class='ocrx_word' id='word_1_175' title='bbox 438 3041 672 3123; x_wconf 90' lang='lat' dir='ltr'>animorum</span> <span class='ocrx_word' id='word_1_176' title='bbox 693 3041 900 3136; x_wconf 87' lang='lat' dir='ltr'>consortio</span> <span class='ocrx_word' id='word_1_177' title='bbox 922 3039 1142 3151; x_wconf 86' lang='lat' dir='ltr'>conjugali,</span> <span class='ocrx_word' id='word_1_178' title='bbox 1173 3040 1208 3121; x_wconf 89' lang='lat' dir='ltr'>si</span> <span class='ocrx_word' id='word_1_179' title='bbox 1230 3040 1273 3118; x_wconf 91' lang='lat' dir='ltr'>in</span> <span class='ocrx_word' id='word_1_180' title='bbox 1301 3039 1708 3146; x_wconf 83' lang='lat' dir='ltr'>sanctissimis,qu0s</span> 
     </span>
     <span class='ocr_line' id='line_1_22' title="bbox 211 3170 1707 3279; baseline -0.001 -26"><span class='ocrx_word' id='word_1_181' title='bbox 211 3182 355 3279; x_wconf 89' lang='lat' dir='ltr'>pectus</span> <span class='ocrx_word' id='word_1_182' title='bbox 390 3173 619 3253; x_wconf 86' lang='lat' dir='ltr'>humanum</span> <span class='ocrx_word' id='word_1_183' title='bbox 658 3172 787 3253; x_wconf 91' lang='lat' dir='ltr'>nutrit</span> <span class='ocrx_word' id='word_1_184' title='bbox 816 3199 971 3270; x_wconf 90' lang='lat' dir='ltr'>sensus,</span> <span class='ocrx_word' id='word_1_185' title='bbox 1012 3173 1166 3253; x_wconf 92' lang='lat' dir='ltr'>nedum</span> <span class='ocrx_word' id='word_1_186' title='bbox 1196 3170 1431 3263; x_wconf 86' lang='lat' dir='ltr'>diversitas,</span> <span class='ocrx_word' id='word_1_187' title='bbox 1471 3171 1545 3253; x_wconf 91' lang='lat' dir='ltr'>sed</span> <span class='ocrx_word' id='word_1_188' title='bbox 1581 3172 1707 3268; x_wconf 82' lang='lat' dir='ltr'>etiam</span> 
     </span>
     <span class='ocr_line' id='line_1_23' title="bbox 214 3284 1660 3407; baseline -0.002 -21"><span class='ocrx_word' id='word_1_189' title='bbox 214 3303 484 3395; x_wconf 90' lang='lat' dir='ltr'>contradictio</span> <span class='ocrx_word' id='word_1_190' title='bbox 513 3304 622 3387; x_wconf 91' lang='lat' dir='ltr'>ultro</span> <span class='ocrx_word' id='word_1_191' title='bbox 653 3304 908 3385; x_wconf 87' lang='lat' dir='ltr'>admittitur!</span> <span class='ocrx_word' id='word_1_192' title='bbox 1590 3284 1660 3407; x_wconf 49' lang='grc' dir='ltr'><strong><em>ἢ</em></strong></span> 
     </span>
    </p>
   </div>
   <div class='ocr_carea' id='block_1_9' title="bbox 144 3499 1782 4409">
    <p class='ocr_par' dir='ltr' id='par_1_10' title="bbox 144 3499 1782 4409">
     <span class='ocr_line' id='line_1_24' title="bbox 225 3499 1756 3612; baseline -0.003 -27"><span class='ocrx_word' id='word_1_193' title='bbox 225 3514 231 3524; x_wconf 85' lang='grc'><strong>’</strong></span> <span class='ocrx_word' id='word_1_194' title='bbox 327 3503 484 3586; x_wconf 90' lang='lat' dir='ltr'>Verum</span> <span class='ocrx_word' id='word_1_195' title='bbox 513 3530 598 3585; x_wconf 88' lang='lat' dir='ltr'>non</span> <span class='ocrx_word' id='word_1_196' title='bbox 618 3501 755 3585; x_wconf 87' lang='lat' dir='ltr'>solum</span> <span class='ocrx_word' id='word_1_197' title='bbox 784 3532 810 3583; x_wconf 92' lang='lat' dir='ltr'>a</span> <span class='ocrx_word' id='word_1_198' title='bbox 829 3502 1023 3612; x_wconf 89' lang='lat' dir='ltr'>religiosa</span> <span class='ocrx_word' id='word_1_199' title='bbox 1043 3503 1345 3600; x_wconf 87' lang='lat' dir='ltr'>communione,</span> <span class='ocrx_word' id='word_1_200' title='bbox 1376 3500 1450 3582; x_wconf 87' lang='lat' dir='ltr'>sed</span> <span class='ocrx_word' id='word_1_201' title='bbox 1479 3528 1505 3580; x_wconf 93' lang='lat' dir='ltr'>a</span> <span class='ocrx_word' id='word_1_202' title='bbox 1535 3499 1706 3608; x_wconf 86' lang='lat' dir='ltr'>privatis</span> <span class='ocrx_word' id='word_1_203' title='bbox 1753 3597 1756 3604; x_wconf 17' lang='grc' dir='ltr'><strong><em>ι</em></strong></span> 
     </span>
     <span class='ocr_line' id='line_1_25' title="bbox 213 3628 1707 3745; baseline -0.004 -26"><span class='ocrx_word' id='word_1_204' title='bbox 213 3664 378 3745; x_wconf 90' lang='lat' dir='ltr'>quoque</span> <span class='ocrx_word' id='word_1_205' title='bbox 408 3637 636 3718; x_wconf 92' lang='lat' dir='ltr'>amicorum</span> <span class='ocrx_word' id='word_1_206' title='bbox 666 3637 882 3718; x_wconf 88' lang='lat' dir='ltr'>consortiis</span> <span class='ocrx_word' id='word_1_207' title='bbox 919 3637 1006 3717; x_wconf 91' lang='lat' dir='ltr'>sine</span> <span class='ocrx_word' id='word_1_208' title='bbox 1036 3664 1154 3715; x_wconf 91' lang='lat' dir='ltr'>mora</span> <span class='ocrx_word' id='word_1_209' title='bbox 1184 3663 1272 3716; x_wconf 92' lang='lat' dir='ltr'>sese</span> <span class='ocrx_word' id='word_1_210' title='bbox 1303 3632 1525 3742; x_wconf 87' lang='lat' dir='ltr'>expediant</span> <span class='ocrx_word' id='word_1_211' title='bbox 1553 3628 1707 3730; x_wconf 89' lang='lat' dir='ltr'>fideles,</span> 
     </span>
     <span class='ocr_line' id='line_1_26' title="bbox 214 3763 1778 3878; baseline -0.004 -27"><span class='ocrx_word' id='word_1_212' title='bbox 214 3771 519 3878; x_wconf 89' lang='lat' dir='ltr'>quamprimum</span> <span class='ocrx_word' id='word_1_213' title='bbox 558 3769 693 3850; x_wconf 92' lang='lat' dir='ltr'>honor</span> <span class='ocrx_word' id='word_1_214' title='bbox 719 3768 939 3877; x_wconf 74' lang='lat' dir='ltr'>&#39;religionis</span> <span class='ocrx_word' id='word_1_215' title='bbox 980 3778 1022 3849; x_wconf 91' lang='lat' dir='ltr'>et</span> <span class='ocrx_word' id='word_1_216' title='bbox 1050 3766 1260 3849; x_wconf 86' lang='lat' dir='ltr'>Ecclesiae</span> <span class='ocrx_word' id='word_1_217' title='bbox 1290 3764 1486 3865; x_wconf 83' lang='lat' dir='ltr'>laeditur,</span> <span class='ocrx_word' id='word_1_218' title='bbox 1526 3763 1708 3874; x_wconf 84' lang='lat' dir='ltr'>maligne</span> <span class='ocrx_word' id='word_1_219' title='bbox 1776 3779 1778 3783; x_wconf 75' lang='grc'>’</span> 
     </span>
     <span class='ocr_line' id='line_1_27' title="bbox 144 3899 1757 4007; baseline -0.004 -23"><span class='ocrx_word' id='word_1_220' title='bbox 144 3963 152 3974; x_wconf 47' lang='lat'><em>1</em></span> <span class='ocrx_word' id='word_1_221' title='bbox 213 3913 255 3984; x_wconf 90' lang='lat' dir='ltr'>et</span> <span class='ocrx_word' id='word_1_222' title='bbox 283 3903 405 3985; x_wconf 87' lang='lat' dir='ltr'>stulte</span> <span class='ocrx_word' id='word_1_223' title='bbox 435 3902 487 3983; x_wconf 91' lang='lat' dir='ltr'>de</span> <span class='ocrx_word' id='word_1_224' title='bbox 517 3901 640 3986; x_wconf 85' lang='lat' dir='ltr'>rebus</span> <span class='ocrx_word' id='word_1_225' title='bbox 670 3902 767 3985; x_wconf 91' lang='lat' dir='ltr'>fidei</span> <span class='ocrx_word' id='word_1_226' title='bbox 792 3912 994 3984; x_wconf 89' lang='lat' dir='ltr'>tractatur</span> <span class='ocrx_word' id='word_1_227' title='bbox 1022 3901 1089 3982; x_wconf 91' lang='lat' dir='ltr'>vel</span> <span class='ocrx_word' id='word_1_228' title='bbox 1115 3901 1323 3982; x_wconf 89' lang='lat' dir='ltr'>sanctitati</span> <span class='ocrx_word' id='word_1_229' title='bbox 1351 3926 1515 3979; x_wconf 89' lang='lat' dir='ltr'>morum</span> <span class='ocrx_word' id='word_1_230' title='bbox 1544 3899 1709 4007; x_wconf 91' lang='lat' dir='ltr'>praeju-</span> <span class='ocrx_word' id='word_1_231' title='bbox 1756 3952 1757 3955; x_wconf 18' lang='grc' dir='ltr'><strong><em>κ</em></strong></span> 
     </span>
     <span class='ocr_line' id='line_1_28' title="bbox 212 4013 1782 4142; baseline -0.005 -26"><span class='ocrx_word' id='word_1_232' title='bbox 212 4036 366 4135; x_wconf 84' lang='lat' dir='ltr'>dicium</span> <span class='ocrx_word' id='word_1_233' title='bbox 395 4035 574 4116; x_wconf 64' lang='lat' dir='ltr'>affertis.</span> <span class='ocrx_word' id='word_1_234' title='bbox 606 4033 661 4114; x_wconf 84' lang='lat' dir='ltr'>Et</span> <span class='ocrx_word' id='word_1_235' title='bbox 689 4062 774 4134; x_wconf 90' lang='lat' dir='ltr'>non</span> <span class='ocrx_word' id='word_1_236' title='bbox 805 4043 987 4132; x_wconf 91' lang='lat' dir='ltr'>tantum,</span> <span class='ocrx_word' id='word_1_237' title='bbox 1019 4034 1090 4142; x_wconf 94' lang='lat' dir='ltr'>qui</span> <span class='ocrx_word' id='word_1_238' title='bbox 1115 4013 1324 4141; x_wconf 79' lang='lat' dir='ltr'>¹ejusmodi</span> <span class='ocrx_word' id='word_1_239' title='bbox 1346 4041 1453 4113; x_wconf 90' lang='lat' dir='ltr'>sunt</span> <span class='ocrx_word' id='word_1_240' title='bbox 1481 4039 1597 4110; x_wconf 86' lang='lat' dir='ltr'>extra</span> <span class='ocrx_word' id='word_1_241' title='bbox 1626 4027 1709 4109; x_wconf 84' lang='lat' dir='ltr'>Ee·</span> <span class='ocrx_word' id='word_1_242' title='bbox 1778 4121 1782 4127; x_wconf 35' lang='lat'>,</span> 
     </span>
     <span class='ocr_line' id='line_1_29' title="bbox 213 4160 1709 4277; baseline -0.005 -28"><span class='ocrx_word' id='word_1_243' title='bbox 213 4168 392 4268; x_wconf 81' lang='lat' dir='ltr'>clesiam,</span> <span class='ocrx_word' id='word_1_244' title='bbox 412 4165 633 4277; x_wconf 86' lang='lat' dir='ltr'>fugiantur,</span> <span class='ocrx_word' id='word_1_245' title='bbox 656 4166 731 4248; x_wconf 88' lang='lat' dir='ltr'>sed</span> <span class='ocrx_word' id='word_1_246' title='bbox 752 4195 897 4247; x_wconf 89' lang='lat' dir='ltr'>omnes</span> <span class='ocrx_word' id='word_1_247' title='bbox 924 4167 1106 4264; x_wconf 87' lang='lat' dir='ltr'>omnino,</span> <span class='ocrx_word' id='word_1_248' title='bbox 1128 4166 1377 4272; x_wconf 90' lang='lat' dir='ltr'>quicumque</span> <span class='ocrx_word' id='word_1_249' title='bbox 1398 4163 1558 4244; x_wconf 88' lang='lat' dir='ltr'>etiamsi</span> <span class='ocrx_word' id='word_1_250' title='bbox 1579 4160 1709 4242; x_wconf 88' lang='lat' dir='ltr'>nostri</span> 
     </span>
     <span class='ocr_line' id='line_1_30' title="bbox 213 4296 1709 4409; baseline -0.007 -25"><span class='ocrx_word' id='word_1_251' title='bbox 213 4302 316 4398; x_wconf 87' lang='lat' dir='ltr'>sint,</span> <span class='ocrx_word' id='word_1_252' title='bbox 347 4298 659 4384; x_wconf 81' lang='lat' dir='ltr'>Catholicorum</span> <span class='ocrx_word' id='word_1_253' title='bbox 689 4311 828 4381; x_wconf 85' lang='lat' dir='ltr'>tamen</span> <span class='ocrx_word' id='word_1_254' title='bbox 860 4299 1108 4409; x_wconf 82' lang='lat' dir='ltr'>cognomine</span> <span class='ocrx_word' id='word_1_255' title='bbox 1139 4297 1261 4406; x_wconf 91' lang='lat' dir='ltr'>plane</span> <span class='ocrx_word' id='word_1_256' title='bbox 1292 4296 1453 4406; x_wconf 91' lang='lat' dir='ltr'>indigni</span> <span class='ocrx_word' id='word_1_257' title='bbox 1476 4304 1709 4391; x_wconf 89' lang='lat' dir='ltr'>cemuntur,</span> 
     </span>
    </p>
   </div>
   <div class='ocr_carea' id='block_1_10' title="bbox 214 4428 1827 4544">
    <p class='ocr_par' dir='ltr' id='par_1_11' title="bbox 214 4428 1827 4544">
     <span class='ocr_line' id='line_1_31' title="bbox 214 4428 1827 4544; baseline -0.006 -29"><span class='ocrx_word' id='word_1_258' title='bbox 214 4433 369 4544; x_wconf 77' lang='lat' dir='ltr'>perfide</span> <span class='ocrx_word' id='word_1_259' title='bbox 399 4431 755 4541; x_wconf 86' lang='lat' dir='ltr'>blasphemantes,</span> <span class='ocrx_word' id='word_1_260' title='bbox 797 4432 911 4541; x_wconf 91' lang='lat' dir='ltr'>quod</span> <span class='ocrx_word' id='word_1_261' title='bbox 940 4431 1167 4540; x_wconf 87' lang='lat' dir='ltr'>intelligere</span> <span class='ocrx_word' id='word_1_262' title='bbox 1202 4431 1361 4511; x_wconf 89' lang='lat' dir='ltr'>nolunt.</span> <span class='ocrx_word' id='word_1_263' title='bbox 1422 4428 1515 4509; x_wconf 90' lang='lat' dir='ltr'>Hos</span> <span class='ocrx_word' id='word_1_264' title='bbox 1546 4436 1710 4536; x_wconf 86' lang='lat' dir='ltr'>oportet</span> <span class='ocrx_word' id='word_1_265' title='bbox 1822 4453 1827 4458; x_wconf 92' lang='grc'><em>·</em></span> 
     </span>
    </p>
   </div>
   <div class='ocr_carea' id='block_1_11' title="bbox 209 4561 1712 5211">
    <p class='ocr_par' dir='ltr' id='par_1_12' title="bbox 209 4561 1712 5211">
     <span class='ocr_line' id='line_1_32' title="bbox 214 4561 1710 4676; baseline -0.005 -29"><span class='ocrx_word' id='word_1_266' title='bbox 214 4567 427 4676; x_wconf 86' lang='lat' dir='ltr'>redargui,</span> <span class='ocrx_word' id='word_1_267' title='bbox 462 4575 504 4647; x_wconf 91' lang='lat' dir='ltr'>et</span> <span class='ocrx_word' id='word_1_268' title='bbox 532 4565 680 4647; x_wconf 92' lang='lat' dir='ltr'>saltem</span> <span class='ocrx_word' id='word_1_269' title='bbox 709 4593 783 4673; x_wconf 90' lang='lat' dir='ltr'>per</span> <span class='ocrx_word' id='word_1_270' title='bbox 811 4565 1081 4646; x_wconf 73' lang='lat' dir='ltr'>auersionem-</span> <span class='ocrx_word' id='word_1_271' title='bbox 1099 4563 1346 4672; x_wconf 80' lang='lat' dir='ltr'>hrgientium</span> <span class='ocrx_word' id='word_1_272' title='bbox 1377 4561 1535 4660; x_wconf 85' lang='lat' dir='ltr'>doceri,</span> <span class='ocrx_word' id='word_1_273' title='bbox 1577 4585 1710 4668; x_wconf 90' lang='lat' dir='ltr'>quan·</span> 
     </span>
     <span class='ocr_line' id='line_1_33' title="bbox 215 4678 1711 4807; baseline -0.006 -26"><span class='ocrx_word' id='word_1_274' title='bbox 215 4710 357 4807; x_wconf 89' lang='lat' dir='ltr'>tepere</span> <span class='ocrx_word' id='word_1_275' title='bbox 387 4698 636 4780; x_wconf 88' lang='lat' dir='ltr'>inhonorent</span> <span class='ocrx_word' id='word_1_276' title='bbox 665 4697 804 4778; x_wconf 91' lang='lat' dir='ltr'>Deum</span> <span class='ocrx_word' id='word_1_277' title='bbox 838 4707 880 4778; x_wconf 90' lang='lat' dir='ltr'>et</span> <span class='ocrx_word' id='word_1_278' title='bbox 908 4696 1051 4779; x_wconf 87' lang='lat' dir='ltr'>fideles</span> <span class='ocrx_word' id='word_1_279' title='bbox 1081 4695 1371 4778; x_wconf 82' lang='lat' dir='ltr'>scandalizent.</span> <span class='ocrx_word' id='word_1_280' title='bbox 1416 4678 1590 4775; x_wconf 73' lang='lat' dir='ltr'>¹Curam</span> <span class='ocrx_word' id='word_1_281' title='bbox 1619 4718 1711 4773; x_wconf 89' lang='lat' dir='ltr'>ma-</span> 
     </span>
     <span class='ocr_line' id='line_1_34' title="bbox 215 4824 1712 4942; baseline -0.009 -28"><span class='ocrx_word' id='word_1_282' title='bbox 215 4833 324 4914; x_wconf 93' lang='lat' dir='ltr'>xime</span> <span class='ocrx_word' id='word_1_283' title='bbox 355 4842 502 4942; x_wconf 86' lang='lat' dir='ltr'>gerant</span> <span class='ocrx_word' id='word_1_284' title='bbox 530 4841 669 4940; x_wconf 90' lang='lat' dir='ltr'>patres</span> <span class='ocrx_word' id='word_1_285' title='bbox 698 4830 895 4930; x_wconf 89' lang='lat' dir='ltr'>familias,</span> <span class='ocrx_word' id='word_1_286' title='bbox 932 4857 984 4910; x_wconf 92' lang='lat' dir='ltr'>ne</span> <span class='ocrx_word' id='word_1_287' title='bbox 1015 4857 1113 4911; x_wconf 90' lang='lat' dir='ltr'>suos</span> <span class='ocrx_word' id='word_1_288' title='bbox 1143 4828 1254 4935; x_wconf 91' lang='lat' dir='ltr'>apud</span> <span class='ocrx_word' id='word_1_289' title='bbox 1285 4826 1411 4907; x_wconf 88' lang='lat' dir='ltr'>talem</span> <span class='ocrx_word' id='word_1_290' title='bbox 1441 4825 1608 4923; x_wconf 84' lang='lat' dir='ltr'>hermu,</span> <span class='ocrx_word' id='word_1_291' title='bbox 1641 4824 1712 4930; x_wconf 92' lang='lat' dir='ltr'>qui</span> 
     </span>
     <span class='ocr_line' id='line_1_35' title="bbox 209 4958 1711 5071; baseline -0.005 -26"><span class='ocrx_word' id='word_1_292' title='bbox 209 4963 341 5048; x_wconf 74' lang='lat' dir='ltr'>&#39;fidem</span> <span class='ocrx_word' id='word_1_293' title='bbox 371 4965 438 5046; x_wconf 92' lang='lat' dir='ltr'>vel</span> <span class='ocrx_word' id='word_1_294' title='bbox 466 4993 604 5046; x_wconf 90' lang='lat' dir='ltr'>mores</span> <span class='ocrx_word' id='word_1_295' title='bbox 623 4965 817 5062; x_wconf 89' lang='lat' dir='ltr'>adoritur,</span> <span class='ocrx_word' id='word_1_296' title='bbox 848 4972 921 5043; x_wconf 90' lang='lat' dir='ltr'>aut</span> <span class='ocrx_word' id='word_1_297' title='bbox 939 4962 1150 5071; x_wconf 83' lang='lat' dir='ltr'>religionis</span> <span class='ocrx_word' id='word_1_298' title='bbox 1171 4961 1327 5042; x_wconf 92' lang='lat' dir='ltr'>cultum</span> <span class='ocrx_word' id='word_1_299' title='bbox 1357 4958 1424 5040; x_wconf 93' lang='lat' dir='ltr'>vel</span> <span class='ocrx_word' id='word_1_300' title='bbox 1444 4960 1569 5040; x_wconf 90' lang='lat' dir='ltr'>etiam</span> <span class='ocrx_word' id='word_1_301' title='bbox 1589 4984 1711 5065; x_wconf 89' lang='lat' dir='ltr'>prae-</span> 
     </span>
     <span class='ocr_line' id='line_1_36' title="bbox 218 5092 1709 5211; baseline -0.009 -29"><span class='ocrx_word' id='word_1_302' title='bbox 218 5113 432 5211; x_wconf 88' lang='lat' dir='ltr'>ceptorum</span> <span class='ocrx_word' id='word_1_303' title='bbox 464 5099 671 5181; x_wconf 81' lang='lat' dir='ltr'>Ecclesiae</span> <span class='ocrx_word' id='word_1_304' title='bbox 702 5097 1033 5191; x_wconf 88' lang='lat' dir='ltr'>observationem</span> <span class='ocrx_word' id='word_1_305' title='bbox 1054 5095 1237 5204; x_wconf 88' lang='lat' dir='ltr'>impedit,</span> <span class='ocrx_word' id='word_1_306' title='bbox 1268 5094 1457 5175; x_wconf 91' lang='lat' dir='ltr'>famulari</span> <span class='ocrx_word' id='word_1_307' title='bbox 1486 5092 1709 5200; x_wconf 89' lang='lat' dir='ltr'>patiantur.</span> 
     </span>
    </p>
   </div>
   <div class='ocr_carea' id='block_1_12' title="bbox 0 0 2000 5956">
    <p class='ocr_par' dir='ltr' id='par_1_13' title="bbox 0 0 2000 5956">
     <span class='ocr_line' id='line_1_37' title="bbox 0 0 2000 5956; baseline 0 0"><span class='ocrx_word' id='word_1_308' title='bbox 0 0 2000 5956; x_wconf 95' lang='lat' dir='ltr'> </span> 
     </span>
    </p>
   </div>
  </div>
 </body>
</html>
