3960 5956
1655 337 1697 402 25

208 539 437 646 potuerint,
487 538 716 648 invigilent.
783 537 998 631 Famulas,
1049 566 1152 650 quas
1205 541 1462 647 experientur
1505 539 1702 649 garrulas,
1741 620 1745 627 ,
1801 541 1805 547 ’

210 671 344 774 cultus
372 671 583 754 muliebris
613 671 837 769 smdiosas,
869 700 953 752 non
984 673 1027 752 in
1058 672 1219 754 silentio
1246 672 1448 753 discentes
1478 701 1573 752 cum
1604 673 1703 754 sub-

128 872 129 876 .
202 794 405 913 jectione,
436 805 508 887 sed
538 804 840 902 dominatrices,
871 831 1059 918 quaeque
1088 805 1154 885 vel
1184 804 1410 912 parochiali
1440 804 1703 885 administra-
1815 841 1816 844 Ν

208 938 312 1019 tioni
332 939 672 1052 sesephnmiscere
700 936 829 1019 velint
850 937 921 1031 ⁴vel
942 938 1189 1019 immodesto
1211 938 1417 1024 consortio
1446 937 1701 1045 deliquerint,

210 1072 408 1155 continuo
439 1070 660 1153 dimittant.
804 1152 807 1156 ,

787 1395 978 1481 CAPUT
1007 1397 1120 1482 vlu.

385 1587 391 1640 ³
537 1615 609 1696 De
637 1615 837 1695 externo
867 1612 1161 1695 clericorum
1186 1614 1369 1698 habitu.

327 1822 391 1932 Ea
412 1877 583 1959 semper
601 1850 812 1937 Ecclesiae
831 1877 949 1945 mens
978 1848 1056 1933 fuit
1070 1860 1111 1932 et
1131 1851 1373 1961 disciplinae
1392 1856 1508 1957 ratio,
1538 1867 1585 1939 ut
1614 1861 1707 1969 qui-

214 1982 292 2093 bus
320 1983 510 2066 habitum
540 2010 679 2065 sacrae
707 1976 918 2092 religionis
937 1983 1155 2092 imposuit,
1170 1983 1460 2094 ignominiam
1489 1991 1708 2077 saecularis

208 2117 379 2205 'habitus
410 2108 712 2226 sedeposuisse
742 2117 882 2225 palam
895 2116 1171 2225 ‚profiteantur
1200 2128 1241 2199 et
1269 2148 1355 2201 non
1384 2122 1544 2204 interna
1573 2126 1709 2210 solum

210 2247 508 2340 benedictionis
539 2247 707 2332 divinae
736 2252 906 2350 virtute,
937 2250 1010 2332 sed
1040 2252 1169 2360 signis
1199 2254 1323 2333 etiam
1353 2256 1536 2340 externis·
1560 2256 1709 2344 Clerici
1779 2274 1782 2289 ‘

211 2384 518 2496 dignoscantur.
1521 2381 1525 2388 ’

327 2531 439 2614 Hinc
458 2559 650 2640 praesens
672 2530 881 2639 Synodus,
902 2533 1031 2614 menti
1052 2532 1261 2616 Ecclesiae
1282 2544 1322 2616 et
1341 2535 1424 2646 legi
1451 2539 1495 2620 in
1515 2542 1709 2627 omnibus
1792 2560 1796 2570 ’
1842 2587 1845 2594 ·

211 2665 477 2764 satisfactura,
508 2666 727 2774 sequentia
757 2665 897 2772 quoad
927 2675 1140 2748 externum
1161 2664 1417 2749 Clericorum
1447 2670 1635 2754 habitum
1665 2677 1709 2758 in

211 2800 378 2881 nomine
408 2797 580 2880 Domini
616 2808 760 2879 monet
789 2809 830 2880 et
859 2799 1078 2907 praecipit:
1329 2778 1331 2783 ⁵

331 3002 367 3078 1.
398 2997 630 3080 Tonsuram
662 2998 893 3104 clericalem
923 3017 1067 3080 omnes
1106 2998 1184 3078 viri
1214 2998 1484 3083 ecclesiastici
1524 3002 1592 3083 ad·
1618 3032 1710 3086 eam
1818 3099 1820 3106 J

212 3131 409 3244 formam,
451 3157 577 3239 quam
618 3132 913 3239 cujuscumque
954 3127 1121 3212 Ordinis
1159 3131 1264 3229 ratio
1303 3133 1504 3238 postulat,
1550 3163 1712 3246 semper
1818 3119 1825 3133 ’

214 3263 399 3357 deferant
430 3264 718 3372 conspicuam,
754 3271 800 3343 ut
830 3262 1140 3344 similitudinem
1171 3290 1348 3344 coronae
1378 3262 1531 3348 Christi
1553 3269 1711 3378 jugiter

214 3398 258 3477 in
278 3396 413 3504 capite
432 3404 653 3505 gestantes,
685 3395 888 3503 expetitae
907 3394 1014 3475 ultro
1041 3395 1304 3477 haereditatis
1323 3395 1569 3480 Dominicae
1581 3429 1711 3483 num·

214 3556 339 3637 quam
367 3555 454 3611 non
482 3553 686 3610 memores
720 3536 929 3608 maneant.
991 3524 1099 3609 Cum
1128 3555 1201 3627 ue,
1237 3540 1361 3636 prout
1398 3514 1585 3619 Ecclesia
1615 3530 1712 3614 Cle·

213 3663 307 3744 ricis
345 3659 543 3744 faciendis
582 3659 731 3742 lubens
774 3658 875 3760 fidit,
915 3659 970 3741 ad
1009 3659 1120 3769 depo'
1201 3660 1300 3742 dum
1350 3661 1490 3743 comas
1530 3648 1726 3771 capitum*
1799 3754 1808 3762 ,

214 3821 384 3876 suorum
419 3821 495 3902 pro
530 3819 671 3874 amore
710 3791 739 3874 J
742 3819 814 3872 esu
858 3789 1012 3873 Christi
1056 3773 1357 3876 festinaverint:
1376 3791 1407 3875 1)
1449 3823 1615 3877 omnem
1668 3796 1713 3876 in

215 3925 445 4009 ordinando
491 3925 625 4032 capite
656 3924 872 4006 mollitiem
911 3933 1054 4032 utpote
1095 3911 1256 4007 Clerioo
1296 3927 1510 4037 indignam
1539 3928 1711 4039 fugiant,
1800 3975 1803 3979 »

107 4040 112 4048 ’
215 4061 410 4169 supinum
449 4058 608 4140 decoris
637 4057 873 4167 neglectum
902 4057 957 4138 ab
996 4058 1109 4139 inani
1150 4059 1394 4165 capillorum
1434 4059 1546 4141 cultu
1584 4089 1707 4141 mun-

216 4193 324 4276 dano
354 4191 484 4301 probe
505 4188 791 4274 discernentes.
855 4187 989 4272 Coma
1017 4191 1185 4290 adscita,
1215 4191 1341 4271 modo
1382 4189 1538 4274 formae
1578 4192 1709 4282 hone·

215 4338 301 4409 stae
340 4327 412 4425 sit,
453 4325 622 4406 servatis
674 4322 934 4405 cautionibus
983 4323 1267 4404 ecclesiasticis
1317 4324 1377 4403 uti
1415 4323 1556 4423 liceat,
1597 4335 1713 4407 extra
1780 4358 1790 4427 g

212 4471 352 4541 tamen
381 4437 699 4539 celebrationem
728 4455 899 4560 Missae;
916 4452 951 4536 2)
986 4453 1158 4574 barbam
1193 4482 1295 4573 ,γεω
1336 4457 1500 4555 nutrire,
1542 4453 1713 4540 Clericis

213 4593 428 4708 districtim
455 4589 748 4671 interdicimus.
934 4582 936 4584 ’
987 4570 995 4577 ’
1758 4596 1761 4600 ’

337 4776 375 4852 2.
419 4770 507 4852 Etsi
538 4770 704 4852 habitus
743 4798 828 4850 non
867 4769 965 4849 facit
994 4769 1266 4868 monachum,
1308 4774 1535 4855 extrinseca
1574 4781 1715 4854 tamen

218 4976 392 4986 ——----——--
400 4975 410 4982 -

266 5067 288 5150 ¹)
310 5066 457 5131 Pontific.
479 5065 569 5129 Rom.
593 5065 633 5128 de
651 5051 737 5127 cler.
762 5060 899 5125 faciend.
945 5060 971 5146 ²)
997 5062 1119 5170 Bened.
1144 5063 1235 5129 XIV.
1264 5068 1303 5131 de
1329 5068 1406 5154 Syn.
1435 5070 1536 5134 dioec.
1569 5068 1624 5132 lib.
1656 5069 1704 5132 ll.

313 5195 382 5260 cap.
407 5173 437 5236 9.
1598 5245 1602 5258 Ι

1493 5278 1514 5338 6
