3960 5956
1694 351 1725 416 V

229 553 479 641 pretiosissimus
501 555 663 618 actionum
685 559 718 616 et
739 552 941 617 decretorum
963 551 1166 637 synodalium
1191 550 1364 624 thesaurus
1393 559 1461 616 tum
1482 549 1731 616 ecclesiasticae·

229 660 382 726 historiae
404 660 479 725 lasti
500 659 630 726 abunde
651 659 820 740 testantur,
842 679 861 722 e
883 658 1001 746 quibus
1022 661 1172 723 nimirum
1195 657 1289 724 facile
1311 665 1410 744 patet,
1442 659 1571 723 vineam
1593 658 1725 723 Domini

229 766 440 834 suluberrimo
468 770 668 856 potissimum
695 767 912 834 conciliorum
941 767 1086 833 subsidio
1115 769 1231 831 mirum
1260 769 1294 831 in
1315 758 1446 829 modum
1468 756 1661 849 redemisse,
1691 773 1725 831 et

229 878 345 940 iterum
373 878 553 962 iterumque
581 884 770 942 renovatam
799 896 872 941 esse
900 877 1017 942 faciem
1045 882 1162 939 terrae.
1205 874 1411 961 Quapropter
1432 873 1573 959 profusis
1595 873 1724 959 gaudiis

230 1004 340 1048 omnes
360 985 395 1047 in
416 983 495 1048 orbe
516 993 676 1049 terrarum
698 983 901 1050 celeberrimi
923 985 1094 1049 Antistites
1120 981 1269 1069 Synodos
1291 983 1374 1067 fidei
1402 982 1576 1047 eotbolieoe
1596 981 1724 1047 stabili-

229 1099 379 1166 mentam,
408 1091 576 1156 Eeebsice
596 1092 735 1157 salntem
756 1101 787 1156 et
807 1094 947 1157 boatium
967 1095 1038 1177 ejno
1060 1101 1224 1166 terrorern,
1246 1092 1346 1176 osstcii
1362 1090 1546 1173 pastoralis
1570 1085 1726 1154 schemen:

225 1199 342 1281 pupuli
363 1200 535 1264 strictione·
555 1201 756 1275 medicinam,
782 1238 817 1246 -
839 1219 915 1265 mon
936 1203 1011 1284 apri
1032 1201 1184 1264 dorninici
1202 1201 1413 1283 praecipuam
1441 1198 1618 1272 caltarum,
1650 1216 1725 1263 mon

229 1309 375 1389 corporis
399 1307 567 1372 Ecclesiae
586 1328 700 1373 nervos
722 1307 858 1392 (Bencd.
881 1306 972 1372 XIV.
996 1307 1036 1372 de
1059 1306 1138 1393 Syn.
1161 1307 1262 1372 dioec.
1284 1306 1310 1369 Ι.
1332 1306 1378 1392 2.)
1400 1305 1565 1393 appellare
1590 1326 1723 1371 consue-

227 1420 360 1496 verunt3
393 1416 569 1480 novissima
607 1423 716 1479 autem
750 1417 959 1481 oecumenica
993 1423 1027 1478 et
1060 1413 1222 1500 generalis
1258 1412 1409 1499 Synodus
1444 1413 1652 1496 Tridentino,
1687 1415 1723 1477 in

227 1518 348 1607 Spiritu
370 1529 482 1588 sancto
503 1520 647 1608 legitime
668 1531 866 1609 congregata
886 1523 922 1588 id
953 1525 1038 1588 inter
1059 1531 1189 1588 caetera
1210 1525 1336 1588 censuit
1357 1522 1573 1606 statuendum,
1594 1529 1632 1587 ut
1650 1542 1725 1586 cum

227 1636 293 1694 tam
321 1629 486 1695 luculenta
513 1651 557 1695 cx
582 1630 745 1697 uberrimo
771 1631 974 1717 Synodorum
1003 1632 1128 1696 fonte'
1119 1654 1153 1696 m
1177 1630 1346 1695 Ecclesiae
1368 1630 1493 1716 Corpus
1515 1628 1724 1714 ordinemque

183 1782 188 1789 ·
227 1758 354 1803 sacmm
376 1760 436 1825 per
456 1739 587 1805 saecula
609 1740 756 1806 derivata
777 1740 874 1805 fuerit
888 1739 1020 1823 utilitas,
1040 1742 1202 1824 primum,
1205 1737 1430 1822 ‚provincialia
1444 1737 1601 1812 Concilio,
1623 1738 1725 1800 mon&
1778 1824 1779 1828 Ἰ
1874 1812 1880 1821 ,

227 1847 347 1911 onemo
374 1857 461 1923 eant,
478 1869 542 1931 pro
562 1851 771 1915 moderandis
791 1852 943 1926 moritus,
965 1850 1165 1933 corripendis
1188 1849 1378 1930 mesembria,
1399 1847 1624 1911 controuersiis
1639 1865 1724 1909 corn-

225 1955 398 2035 ponendis,
431 1955 569 2040 aliisque
590 1978 630 2022 en
658 1959 764 2021 scenis
794 1957 979 2025 Cononibne
1003 1958 1177 2039 permissis
1205 1963 1429 2021 νοησυοηιιινέι
1472 1952 1574 2038 (Sese.
1597 1951 1723 2018 XXIV.

229 2059 270 2124 de
291 2060 364 2125 Res.
386 2084 415 2126 c.
437 2062 483 2149 2.)

324 2168 469 2249 Quorum
490 2169 558 2235 Nos
579 2193 754 2259 numquam
783 2193 848 2236 non
879 2192 1054 2256 memores,
1087 2192 1161 2237 cum
1193 2170 1330 2257 primum
1363 2168 1434 2234 Deo
1467 2168 1658 2255 disponente
1680 2167 1724 2232 ad

226 2274 322 2358 hujus
344 2276 607 2364 metropolitanae
629 2277 797 2344 Ecclesiae
819 2300 935 2344 munus
957 2279 1077 2344 admoti
1100 2300 1227 2361 sumus,
1245 2299 1367 2364 ¹omnes
1397 2276 1574 2342 industriae
1603 2297 1721 2351 nervos

112 2452 116 2458 ,
227 2383 314 2447 inid
336 2385 542 2468 intendimus,
564 2394 600 2451 ut
620 2389 718 2452 totins
739 2389 905 2472 regiminis
927 2387 1140 2452 ecclesiastici
1169 2389 1326 2452 rationem
1348 2388 1448 2449 sacris
1470 2384 1658 2450 canonibus
1680 2384 1723 2448 ad
1801 2460 1804 2466 ¹

226 2494 381 2557 amussim
402 2493 645 2577 conformemus,
668 2502 702 2559 et
721 2494 775 2560 vel
796 2495 869 2559 ideo
891 2498 1050 2560 sancitum
1073 2498 1200 2582 quoque
1223 2493 1425 2580 Synodorum
1439 2515 1533 2558 usum
1555 2514 1593 2558 eo
1608 2495 1723 2578 potiori

226 2600 346 2683 pietate
368 2602 599 2685 instauremus,
622 2624 685 2689 quo
706 2606 838 2688 gravius
860 2626 981 2671 morem
1002 2604 1089 2669 hune
1111 2604 1301 2685 salutarem,
1324 2603 1525 2669 saeculorum
1554 2603 1723 2686 iniquitate

227 2708 260 2771 in
281 2707 343 2772 hac
371 2712 537 2793 provincia
559 2713 753 2798 exspirasse
765 2710 887 2776 dudum
909 2709 1111 2796 lugebamus

323 2816 465 2881 Remotis
486 2818 618 2883 tandem
639 2818 816 2884 auxiliante
845 2811 984 2883 Domino
1013 2819 1162 2884 omnibus
1185 2825 1217 2882 et
1239 2817 1383 2902 singulis,
1413 2838 1496 2903 quae
1518 2839 1576 2903 pro
1597 2818 1722 2882 vicissi-

226 2921 338 2988 tudine
358 2945 466 2988 rerum
488 2925 654 3012 hucusque
677 2936 876 3012 supereraut,
911 2925 1087 3012 obstaculis
1114 2926 1224 2990 divina
1245 2926 1447 2988 miseratione
1470 2923 1669 2988 confidentes
1691 2930 1724 2987 et

226 3029 321 3095 Sedis
342 3031 565 3117 Apostolieae,
595 3038 646 3098 cui
673 3042 749 3098 vota
777 3033 896 3098 Nostra
930 3033 1137 3099 devotissime
1166 3032 1392 3117 patefecimus,
1425 3031 1595 3096 clementia
1624 3033 1723 3095 erecti

227 3136 406 3203 Concilium
426 3143 612 3226 provinciae
634 3143 809 3227 Pragensis
831 3144 928 3207 Festo
950 3142 1001 3207 Se.
1023 3143 1175 3204 Nominis
1197 3142 1239 3202 B.
1270 3141 1307 3204 V.
1329 3140 1469 3214 Mariae,
1499 3140 1560 3204 hoc
1581 3161 1665 3203 anno
1687 3142 1724 3204 in

228 3246 435 3312 Dotniniecns
463 3249 548 3315 XV.
572 3258 650 3331 poet
678 3251 887 3315 Pentecosten
916 3259 946 3314 et
973 3250 1057 3312 dnm
1087 3247 1118 3312 9.
1147 3249 1266 3311 mensis
1288 3247 1483 3328 Septentrio
1503 3246 1667 3311 incidente
1690 3249 1723 3310 in

226 3364 328 3419 saera
348 3352 593 3441 metropolitana
620 3356 759 3422 ecclesia
787 3356 906 3422 Nostra
934 3355 1150 3422 inchoandum
1181 3353 1394 3438 decrevimus,
1423 3361 1457 3418 et
1488 3376 1548 3439 per
1568 3375 1723 3440 praesens

226 3461 378 3527 Edictum
399 3464 433 3527 in
454 3466 581 3529 nomine
605 3473 737 3530 sanotae
764 3474 798 3530 et
819 3464 1005 3530 individuae
1035 3464 1220 3544 Trinitatis,
1253 3463 1359 3526 Patris
1381 3471 1414 3527 et
1434 3462 1508 3526 Filii
1531 3469 1563 3526 et
1584 3461 1722 3547 Spiritus

113 3578 121 3591 ’
225 3574 329 3636 sancti
357 3592 583 3637 convocamus.
625 3572 806 3659 Eapropter
833 3571 1133 3637 Reverendissimos
1161 3571 1305 3655 Fratres,
1335 3572 1522 3656 provinciae
1551 3572 1721 3656 Coepisco-

226 3696 298 3763 pos,
327 3682 512 3767 pariterque
541 3681 859 3748 Reverendissimum
895 3683 1092 3780 Episcopum
1129 3679 1171 3745 ad
1203 3700 1375 3766 personam
1414 3679 1658 3764 suffraganeum
1690 3677 1723 3742 et

226 3782 391 3851 Vican'um
423 3788 577 3853 Nostrum
609 3786 801 3855 Generalem
831 3812 870 3855 ac
899 3787 1098 3870 Officialem,
1128 3790 1204 3851 item
1232 3786 1460 3852 Procuratores
1488 3784 1722 3852 venerabilium
1823 3838 1827 3845 .

225 3897 410 3987 provinciae
437 3894 674 3981 Capitulorum,
707 3919 855 3962 necnon
876 3896 1024 3962 Abbates
1046 3905 1080 3962 et
1100 3896 1306 3980 Praepositos
1328 3892 1546 3979 Regularium,
1580 3890 1721 3980 denique

225 4023 336 4067 omnes
358 4010 391 4066 et
412 4003 566 4088 singulos,
600 4005 718 4090 quibus
740 4014 870 4091 praeter
890 4006 994 4070 isthoc
1016 4005 1204 4070 Indictionis
1226 4003 1392 4068 decretum
1413 4002 1514 4067 literis
1537 4001 1722 4088 singillatim

225 4129 285 4192 per
312 4107 380 4173 Nos
408 4111 536 4194 scriptis
563 4114 759 4196 propositam
787 4115 820 4177 in
840 4112 985 4178 'Domino
1012 4109 1145 4178 Concilii
1176 4109 1425 4176 celebrationem
1451 4110 1721 4191 denuntiavimus,

225 4217 345 4302 quique
368 4215 409 4281 de
426 4218 501 4300 jure
523 4217 576 4281 vel
598 4218 829 4283 consuetudine
852 4219 983 4303 Synodo
1005 4223 1161 4285 interesse
1178 4218 1349 4301 jubentur,
1380 4221 1537 4282 canonica
1565 4223 1721 4300 metropo-

225 4321 304 4387 litici
326 4322 424 4389 officii
446 4325 647 4389 Auctoritate
670 4324 799 4409 publice
821 4348 861 4390 ac
883 4326 1068 4390 sollenniter
1089 4326 1296 4407 advocamus,
1318 4324 1461 4409 legitime
1482 4327 1675 4410 requirimus
1690 4330 1723 4387 et

186 4431 189 4436 ’
225 4433 259 4494 in
279 4432 408 4495 nomine
429 4431 559 4496 Domini
581 4454 762 4515 monemus,
787 4442 824 4497 ut
846 4441 964 4497 statuto
986 4441 1128 4517 tempore
1158 4431 1200 4496 ad
1233 4432 1415 4497 faciendam
1444 4429 1611 4516 Synodum
1637 4452 1720 4495 oom-

225 4547 370 4622 pamnt.
403 4537 437 4603 Si
460 4547 568 4603 autem
589 4560 709 4623 eorum,
731 4562 812 4626 quus
833 4524 1035 4626 requirimus,
1060 4541 1149 4624 justo
1171 4542 1332 4626 quispiam
1352 4539 1581 4626 impedimento
1608 4560 1643 4603 se
1666 4537 1720 4602 de·

224 4651 349 4708 tentum
361 4647 620 4726 existimaverit:
645 4648 864 4712 excusationis
886 4646 1049 4732 legitimae
1071 4667 1203 4711 causam
1225 4656 1403 4733 opportuno
1424 4656 1567 4734 tempore
1589 4647 1631 4712 ad
1654 4645 1721 4711 Nos

225 4749 435 4818 deferendam
456 4761 491 4818 et
505 4753 630 4838 judicio
651 4754 769 4819 Nostro
790 4754 990 4840 probandam
1012 4776 1086 4821 esse
1107 4758 1297 4820 meminerit.

321 4859 404 4925 Cum
433 4878 527 4946 porro
556 4860 665 4927 divino
694 4863 802 4947 potius
830 4863 965 4947 auxilio,
995 4884 1092 4949 quam
1114 4862 1178 4927 ullu
1201 4863 1363 4929 bominum
1386 4873 1502 4929 conatu
1524 4866 1720 4949 propositum

223 4972 258 5035 in
279 4969 410 5055 Synodo
432 4970 608 5056 spiritualis
629 4963 846 5037 innovationis
870 4976 1033 5058 negotium
1063 4973 1197 5059 provide
1218 4975 1362 5038 inchoari
1391 4981 1424 5037 et
1444 4980 1614 5056 peroptata
1636 4977 1721 5036 sorae

223 5078 371 5165 expediri
401 5067 521 5165 possit:
554 5100 664 5144 omncs
696 5082 872 5146 universim
904 5085 1088 5166 pruvinciae
1118 5081 1254 5146 Nostrae
1284 5082 1470 5147 sacerdotes
1491 5080 1632 5145 assiduis
1653 5086 1721 5142 tum

224 5194 364 5279 propriis
385 5191 548 5280 precibus,
580 5200 648 5258 tum
668 5188 812 5259 fidelium
833 5193 996 5279 suffragiis
1023 5201 1183 5260 sacratam
1205 5193 1328 5279 Synodi
1350 5193 1509 5258 actionem
1530 5189 1604 5253 Deo
1624 5187 1721 5251 bono·
