3960 5956
707 553 891 616 Decretum
911 552 954 613 de
974 551 1079 613 modo
1099 548 1246 613 vlvmdi.
1346 581 1349 588 -

332 706 539 837 Friders'cras,
573 729 605 818 S.
627 753 665 817 R.
687 753 726 818 ll.
748 753 930 818 Cardinahs
953 752 1242 837 Schwamenberg,
1268 751 1437 817 Ecclesiae
1464 752 1729 839 metropolitanae

234 861 409 947 Pragensis
432 861 716 947 Archiepiscopus.

331 993 556 1078 Agnoscentes
572 1015 645 1057 cum
660 993 756 1058 beato
771 994 896 1059 Jacobo
912 994 1078 1079 Apostolo,
1091 992 1177 1079 quod
1188 1013 1282 1057 omne
1292 992 1402 1056 datum
1414 994 1569 1078 optimum
1583 1001 1616 1056 et
1630 1014 1724 1057 omne

235 1101 354 1165 donum
375 1100 556 1187 perlectum
579 1101 748 1167 desursum
769 1111 828 1186 est,
852 1101 1054 1167 descendens
1076 1100 1207 1166 aPatre
1228 1100 1393 1184 luminum,
1416 1102 1471 1186 qui
1492 1099 1731 1185 postulantibus

234 1210 427 1294 sapientiam
450 1207 506 1272 dat
527 1208 698 1273 affluenter
719 1219 752 1274 et
773 1232 836 1274 non
857 1213 1054 1295 improperat
1076 1209 1140 1291 eis,
1173 1228 1330 1272 memores
1363 1229 1500 1294 quoque,
1533 1208 1660 1271 initium
1681 1228 1731 1272 sa·

232 1317 375 1402 pientiae
397 1335 470 1380 esse
491 1317 638 1378 timorem
670 1315 815 1401 Domini,
850 1336 928 1401 prae
961 1316 1098 1380 caeteris
1131 1335 1241 1378 omnes
1273 1323 1306 1379 et
1327 1314 1471 1400 singulos
1500 1315 1543 1379 ad
1565 1313 1733 1400 Synodum

233 1432 366 1488 vocatos
388 1432 485 1511 atque
507 1433 696 1511 praesentes
718 1424 936 1489 exhortandos
958 1445 1030 1487 esse
1053 1423 1215 1504 duximus,
1245 1429 1278 1484 et
1296 1424 1331 1485 in
1354 1418 1491 1487 Domino
1513 1421 1731 1506 exhortatum,

235 1539 272 1594 ut
293 1530 433 1596 assiduis
455 1533 581 1618 piisque
603 1530 764 1617 precibus,
782 1531 916 1615 jejuniis
938 1539 971 1594 et
992 1530 1217 1614 eleemosynis,
1246 1538 1340 1615 prout
1362 1529 1500 1615 Spiritus
1522 1532 1732 1615 suggesserit,

234 1637 293 1702 has
315 1640 458 1703 actiones
481 1638 656 1724 synodales
678 1638 834 1723 adjuvare
857 1636 1018 1720 studeant,
1051 1643 1084 1700 et
1104 1643 1241 1720 peccata
1267 1644 1437 1701 anteactae
1459 1639 1546 1702 vitae
1569 1637 1731 1702 detestan-

234 1755 293 1830 tes,
317 1746 414 1811 corde
437 1754 470 1810 et
491 1767 587 1833 opere
609 1746 858 1842 progrediantur
877 1748 911 1811 in
939 1747 1026 1811 viam
1049 1745 1180 1809 Domini
1200 1743 1311 1809 Nostri
1331 1742 1413 1808 Jesu
1434 1744 1566 1810 Christi.

243 1870 245 1877 ’
332 1879 493 1964 Imprimis
516 1879 738 1945 desideramus
760 1902 802 1944 ex
824 1883 941 1964 animo,
963 1888 998 1943 ut
1019 1878 1293 1944 Reverendissimi
1311 1876 1497 1942 Oonfratres
1512 1861 1732 1965 Nostri'llpis·

234 1989 307 2073 copi
329 1995 361 2051 et
382 1983 594 2050 Venerabiles
617 1987 811 2071 sacerdotes,
834 1988 929 2072 hujus
951 1987 1075 2072 Synodi
1097 1955 1314 2069 Crhrsultores,
1336 1984 1472 2071 singulis
1505 1985 1619 2050 saltem
1640 1985 1730 2050 seriis

236 2095 355 2179 quintis
388 2092 523 2156 durante
557 2091 687 2177 Synodo
719 2093 854 2158 Missam
887 2095 927 2158 de
956 2094 1078 2180 Spiritu
1111 2082 1426 2175 sancto'oelebrent,
1459 2093 1547 2158 feriis
1575 2094 1677 2157 sextis
1699 2094 1733 2157 iu

237 2201 422 2264 memoriam
460 2201 621 2286 passionis
654 2200 845 2265 Dominicae
872 2202 1039 2286 jejunent,
1066 2199 1202 2287 aliisque
1237 2201 1299 2285 piis
1333 2199 1485 2285 operibus
1521 2198 1651 2276 assidue
1683 2200 1731 2265 in·

238 2306 401 2371 cumbunt.

333 2437 399 2503 Sed
421 2446 453 2502 et
474 2438 614 2525 rehquos
637 2442 777 2505 civitatis
807 2440 902 2523 hujus
924 2437 1067 2503 Clericus
1089 2441 1311 2525 cujuscunque
1344 2439 1466 2504 ordinis
1499 2448 1532 2504 et
1553 2439 1732 2524 dignitatis,
1837 2446 1842 2457 '

237 2548 377 2610 maxime
399 2567 475 2610 vero
498 2547 665 2633 parochos,
688 2557 720 2612 et
742 2569 852 2612 omnes
875 2549 1001 2611 omnino
1024 2546 1137 2611 fideles
1159 2546 1366 2611 obsecramus
1386 2549 1421 2611 in
1435 2547 1585 2629 Domino,
1608 2554 1643 2611 ut
1664 2546 1732 2611 lau·

238 2653 296 2717 des
318 2661 352 2716 et
372 2674 486 2738 preces
508 2654 580 2718 Deo
606 2656 732 2740 jugiter
763 2656 951 2737 offerentes,
985 2663 1017 2718 et
1049 2656 1199 2725 continuo
1233 2654 1389 2719 bonorum
1418 2676 1550 2741 operum
1579 2654 1735 2719 exercitio

238 2763 444 2844 congregatis
466 2765 499 2826 in
514 2761 645 2846 Synodo
668 2760 818 2826 Patribus
840 2783 1015 2847 eorumque
1037 2760 1298 2847 cooperatoribus
1320 2764 1373 2846 pie
1388 2762 1559 2846 suffragari
1574 2770 1735 2846 satagant

239 2866 312 2947 Quo
336 2871 480 2933 securius
503 2891 579 2934 vero
602 2893 621 2932 a
645 2870 714 2934 Deo
737 2869 883 2934 exaudiri
907 2875 1104 2932 mereantur:
1138 2869 1312 2933 suademus
1344 2868 1492 2933 omnihus
1525 2877 1558 2933 et
1589 2867 1735 2953 singulis,

239 2982 276 3037 ut
298 2973 386 3038 hisce
408 2978 609 3060 potissimum
632 2976 746 3041 diebus
769 2958 880 3039 humili
902 2983 935 3038 et
956 2958 1096 3038 cahdida
1117 2982 1323 3060 peccatorum
1345 2975 1546 3039 confessione
1569 2977 1735 3043 conscien-

240 3083 319 3144 tiam
341 3082 521 3166 purificent,
544 3091 576 3146 et
599 3083 695 3167 digne
718 3083 911 3148 accedentes
926 3083 968 3146 ad
984 3105 1128 3146 mensam
1144 3082 1273 3146 Domini
1290 3083 1398 3157 divino
1414 3083 1489 3147 huic
1504 3080 1591 3168 apud
1606 3082 1737 3146 Patrem

239 3187 409 3253 Advocato
443 3199 565 3273 nostro,
598 3213 693 3277 quem
722 3193 755 3254 in
782 3190 990 3254 Sanctissimo
1018 3189 1225 3255 Sacrarnento
1254 3198 1457 3275 praesentem
1479 3197 1513 3253 et
1533 3188 1734 3254 adorandum
1789 3192 1792 3198 ’

240 3294 440 3380 profitentur,
462 3296 589 3360 felicem
611 3297 733 3382 Synodi
755 3319 961 3382 progressum
983 3306 1016 3360 et
1037 3299 1160 3360 exitum
1191 3296 1354 3382 supplices
1383 3296 1624 3378 commendent3
1658 3318 1736 3382 qua·

241 3411 335 3465 tenus
357 3405 391 3465 in
412 3406 539 3467 nomine
573 3405 719 3488 ejusdem
752 3404 882 3467 Domini
914 3403 994 3467 Jesu
1027 3403 1145 3467 Christi
1179 3402 1305 3468 collecti
1338 3402 1427 3468 illum
1448 3406 1553 3491 ipsum
1575 3406 1609 3468 in
1630 3403 1736 3468 medio

241 3519 385 3573 nostrmn
407 3512 621 3595 experiamur,
645 3513 698 3596 qui
721 3533 794 3574 cum
816 3510 912 3574 Patre
934 3520 967 3574 ct
982 3511 1102 3595 Spiritu
1124 3509 1243 3575 Sancto
1265 3510 1437 3575 laudabilis
1459 3520 1492 3575 et
1512 3510 1671 3597 gloriosus
1687 3519 1738 3574 est

240 3619 274 3681 in
297 3616 427 3681 saecula
449 3616 660 3682 saeculorum.

697 3903 880 3964 mserum
900 3901 943 3962 ss
963 3882 1035 3962 non
1056 3897 1269 3964 maressa

339 4081 539 4154 Ilidericus,
568 4078 601 4144 S.
623 4079 661 4143 R„
683 4079 721 4144 E.
743 4079 926 4144 cardinalis
952 4078 1244 4165 Schwarzenberg,
1276 4079 1443 4146 Ecclesiae
1473 4080 1739 4167 metropohtanae

246 4186 423 4272 Pragensis
444 4187 726 4274 Arehiepiscopus.

340 4317 428 4381 Dum
449 4339 469 4382 a
491 4318 629 4383 Domino
651 4320 746 4383 enixe
768 4339 953 4403 precamur,
975 4326 1141 4402 uteorum,
1163 4341 1244 4403 quos
1265 4321 1299 4382 in
1314 4319 1383 4383 -hac
1409 4319 1540 4405 Synodo
1554 4340 1739 4405 congrega·

242 4425 299 4508 vit,
321 4426 443 4489 exitum
456 4446 583 4510 quoque
598 4425 758 4489 custodire
771 4424 937 4509 dignetur:
959 4421 1115 4488 charitate
1137 4425 1279 4490 fraterna
1293 4448 1459 4491 monemus
1481 4437 1513 4491 et
1534 4426 1741 4497 obsecramus

242 4531 540 4597 Reverendissimos
572 4532 751 4618 Episcopos
783 4530 1086 4617 comprovinciales,
1121 4551 1163 4595 ne
1200 4540 1374 4619 antequam
1413 4533 1564 4618 Synodus
1595 4533 1740 4619 legitimo

243 4659 330 4702 more
353 4640 444 4703 finita
465 4640 577 4723 suerit,
610 4662 652 4704 ex
675 4640 736 4704 hac
756 4636 926 4723 Metropoli
950 4631 1138 4722 discedant,
1168 4640 1230 4703 nisi
1265 4640 1331 4704 fors
1358 4641 1449 4725 justa
1470 4644 1616 4706 evenerit
1637 4641 1740 4707 disce·

245 4745 342 4809 dendi
366 4768 474 4811 causa.
519 4748 593 4828 Qua
615 4769 634 4812 a
656 4746 758 4812 Nobis
779 4743 926 4832 probata,
951 4743 1124 4810 discessuri
1146 4745 1340 4831 obligantur,
1372 4746 1523 4812 idoneum
1546 4751 1740 4814 constituere

244 4854 506 4939 Procuratorem,
541 4858 595 4941 qui
629 4856 760 4920 decreta
781 4853 917 4919 Consilii
951 4875 1009 4918 suo
1042 4862 1075 4918 et
1096 4856 1258 4919 Antistitis
1291 4858 1340 4920 sni
1361 4858 1489 4920 nomine
1512 4858 1675 4941 suscipiet,
1709 4864 1742 4920 et

244 4963 395 5048 propriae
417 4985 531 5028 manus
554 4961 788 5048 subscriptione
811 4968 961 5047 suscepta
992 4959 1179 5026 declarabit
1219 4960 1369 5026 (laeteris
1402 4972 1509 5026 autem
1542 4965 1576 5028 in
1608 4963 1740 5048 Synodo

245 5073 451 5155 congregatis
473 5070 674 5155 mandamus,
696 5079 732 5134 ut
753 5071 923 5135 eveniente
945 5071 1139 5134 necessitate
1163 5068 1361 5154 discedendi,
1384 5091 1515 5135 causam
1536 5073 1626 5157 prius
1647 5069 1740 5135 dudi·

245 5177 338 5243 eibus
360 5181 604 5245 excusationum
625 5186 806 5266 proponant
827 5176 1077 5243 examinandam
1099 5184 1131 5241 et
1152 5197 1172 5239 a
1193 5175 1296 5241 Nobis
1317 5176 1530 5263 probandam.
