<?xml version="1.0" encoding="UTF-8"?>
<!DOCTYPE html PUBLIC "-//W3C//DTD XHTML 1.0 Transitional//EN"
    "http://www.w3.org/TR/xhtml1/DTD/xhtml1-transitional.dtd">
<html xmlns="http://www.w3.org/1999/xhtml" xml:lang="en" lang="en">
 <head>
  <title>
</title>
<meta http-equiv="Content-Type" content="text/html;charset=utf-8" />
  <meta name='ocr-system' content='tesseract 3.04.00' />
  <meta name='ocr-capabilities' content='ocr_page ocr_carea ocr_par ocr_line ocrx_word'/>
</head>
<body>
  <div class='ocr_page' id='page_1' title='image "actaetdecretaco00schwgoog_0036.png"; bbox 0 0 3960 5956; ppageno 0'>
   <div class='ocr_carea' id='block_1_1' title="bbox 1617 374 1717 439">
    <p class='ocr_par' dir='ltr' id='par_1_1' title="bbox 1617 374 1717 439">
     <span class='ocr_line' id='line_1_1' title="bbox 1617 374 1717 439; baseline 0 -1"><span class='ocrx_word' id='word_1_1' title='bbox 1617 374 1717 439; x_wconf 87' lang='lat' dir='ltr'>XXV</span> 
     </span>
    </p>
   </div>
   <div class='ocr_carea' id='block_1_2' title="bbox 179 572 1717 2796">
    <p class='ocr_par' dir='ltr' id='par_1_2' title="bbox 321 572 1209 640">
     <span class='ocr_line' id='line_1_2' title="bbox 321 572 1209 640; baseline -0.005 0"><span class='ocrx_word' id='word_1_2' title='bbox 321 574 514 640; x_wconf 69' lang='lat' dir='ltr'>Sacerdotes</span> <span class='ocrx_word' id='word_1_3' title='bbox 536 574 624 638; x_wconf 82' lang='lat' dir='ltr'>Cleri</span> <span class='ocrx_word' id='word_1_4' title='bbox 646 572 823 637; x_wconf 86' lang='lat' dir='ltr'>saecularis</span> <span class='ocrx_word' id='word_1_5' title='bbox 844 581 878 636; x_wconf 90' lang='lat' dir='ltr'>et</span> <span class='ocrx_word' id='word_1_6' title='bbox 899 572 1038 639; x_wconf 85' lang='lat' dir='ltr'>Parochi</span> <span class='ocrx_word' id='word_1_7' title='bbox 1059 575 1209 637; x_wconf 91' lang='lat' dir='ltr'>civitatis.</span> 
     </span>
    </p>

    <p class='ocr_par' dir='ltr' id='par_1_3' title="bbox 321 662 1651 766">
     <span class='ocr_line' id='line_1_3' title="bbox 321 662 1651 766; baseline -0.005 -18"><span class='ocrx_word' id='word_1_8' title='bbox 321 682 546 748; x_wconf 72' lang='lat' dir='ltr'><strong>subdiaconus</strong></span> <span class='ocrx_word' id='word_1_9' title='bbox 568 704 641 746; x_wconf 90' lang='lat' dir='ltr'>cum</span> <span class='ocrx_word' id='word_1_10' title='bbox 663 662 768 746; x_wconf 65' lang='lat' dir='ltr'>crucia</span> <span class='ocrx_word' id='word_1_11' title='bbox 791 679 932 766; x_wconf 79' lang='lat' dir='ltr'>Capituli</span> <span class='ocrx_word' id='word_1_12' title='bbox 954 679 1190 765; x_wconf 88' lang='lat' dir='ltr'>metropolitani</span> <span class='ocrx_word' id='word_1_13' title='bbox 1211 682 1295 744; x_wconf 90' lang='lat' dir='ltr'>inter</span> <span class='ocrx_word' id='word_1_14' title='bbox 1316 677 1398 743; x_wconf 92' lang='lat' dir='ltr'>duos</span> <span class='ocrx_word' id='word_1_15' title='bbox 1420 679 1651 744; x_wconf 87' lang='lat' dir='ltr'>Ceroferarios.</span> 
     </span>
    </p>

    <p class='ocr_par' dir='ltr' id='par_1_4' title="bbox 321 786 965 873">
     <span class='ocr_line' id='line_1_4' title="bbox 321 786 965 873; baseline -0.008 -18"><span class='ocrx_word' id='word_1_16' title='bbox 321 791 439 855; x_wconf 88' lang='lat' dir='ltr'>Clerus</span> <span class='ocrx_word' id='word_1_17' title='bbox 452 812 485 854; x_wconf 84' lang='lat' dir='ltr'>s.</span> <span class='ocrx_word' id='word_1_18' title='bbox 508 787 771 873; x_wconf 89' lang='lat' dir='ltr'>metropolitanae</span> <span class='ocrx_word' id='word_1_19' title='bbox 796 786 965 852; x_wconf 90' lang='lat' dir='ltr'>ecclesiae.</span> 
     </span>
    </p>

    <p class='ocr_par' dir='ltr' id='par_1_5' title="bbox 313 900 779 965">
     <span class='ocr_line' id='line_1_5' title="bbox 313 900 779 965; baseline -0.015 0"><span class='ocrx_word' id='word_1_20' title='bbox 313 901 451 965; x_wconf 81' lang='lat' dir='ltr'>Choma</span> <span class='ocrx_word' id='word_1_21' title='bbox 471 900 656 964; x_wconf 89' lang='lat' dir='ltr'>Cantorum.</span> <span class='ocrx_word' id='word_1_22' title='bbox 774 908 779 917; x_wconf 84' lang='lat'><em>&#39;</em></span> 
     </span>
    </p>

    <p class='ocr_par' dir='ltr' id='par_1_6' title="bbox 324 1002 1346 1091">
     <span class='ocr_line' id='line_1_6' title="bbox 324 1002 1346 1091; baseline -0.005 -21"><span class='ocrx_word' id='word_1_23' title='bbox 324 1006 483 1091; x_wconf 78' lang='lat' dir='ltr'>Magister</span> <span class='ocrx_word' id='word_1_24' title='bbox 504 1004 789 1085; x_wconf 87' lang='lat' dir='ltr'>caeremoniarum,</span> <span class='ocrx_word' id='word_1_25' title='bbox 812 1002 965 1086; x_wconf 81' lang='lat' dir='ltr'>Aeolythi</span> <span class='ocrx_word' id='word_1_26' title='bbox 986 1011 1018 1065; x_wconf 90' lang='lat' dir='ltr'>et</span> <span class='ocrx_word' id='word_1_27' title='bbox 1039 1004 1176 1067; x_wconf 89' lang='lat' dir='ltr'>ministri</span> <span class='ocrx_word' id='word_1_28' title='bbox 1196 1004 1346 1066; x_wconf 84' lang='lat' dir='ltr'>minores.</span> 
     </span>
    </p>

    <p class='ocr_par' dir='ltr' id='par_1_7' title="bbox 322 1113 644 1198">
     <span class='ocr_line' id='line_1_7' title="bbox 322 1113 644 1198; baseline -0.006 -19"><span class='ocrx_word' id='word_1_29' title='bbox 322 1113 480 1198; x_wconf 83' lang='lat' dir='ltr'>Theologi</span> <span class='ocrx_word' id='word_1_30' title='bbox 502 1113 644 1178; x_wconf 79' lang='lat' dir='ltr'>Petrum.</span> 
     </span>
    </p>

    <p class='ocr_par' dir='ltr' id='par_1_8' title="bbox 322 1222 948 1306">
     <span class='ocr_line' id='line_1_8' title="bbox 322 1222 948 1306; baseline 0.002 -20"><span class='ocrx_word' id='word_1_31' title='bbox 322 1222 516 1287; x_wconf 82' lang='lat' dir='ltr'>Procurator</span> <span class='ocrx_word' id='word_1_32' title='bbox 536 1222 715 1287; x_wconf 82' lang='lat' dir='ltr'>Facultatis</span> <span class='ocrx_word' id='word_1_33' title='bbox 737 1223 948 1306; x_wconf 89' lang='lat' dir='ltr'>theologicae.</span> 
     </span>
    </p>

    <p class='ocr_par' dir='ltr' id='par_1_9' title="bbox 325 1330 864 1396">
     <span class='ocr_line' id='line_1_9' title="bbox 325 1330 864 1396; baseline -0.002 -2"><span class='ocrx_word' id='word_1_34' title='bbox 325 1332 450 1396; x_wconf 90' lang='lat' dir='ltr'>Notarii</span> <span class='ocrx_word' id='word_1_35' title='bbox 471 1341 504 1394; x_wconf 91' lang='lat' dir='ltr'>et</span> <span class='ocrx_word' id='word_1_36' title='bbox 525 1330 697 1394; x_wconf 90' lang='lat' dir='ltr'>Secretarii</span> <span class='ocrx_word' id='word_1_37' title='bbox 720 1331 864 1396; x_wconf 92' lang='lat' dir='ltr'>Concilii.</span> 
     </span>
    </p>

    <p class='ocr_par' dir='ltr' id='par_1_10' title="bbox 322 1420 766 1529">
     <span class='ocr_line' id='line_1_10' title="bbox 322 1438 693 1503; baseline 0 0"><span class='ocrx_word' id='word_1_38' title='bbox 322 1439 526 1503; x_wconf 87' lang='lat' dir='ltr'>Promotores</span> <span class='ocrx_word' id='word_1_39' title='bbox 548 1438 693 1503; x_wconf 90' lang='lat' dir='ltr'>Concilii.</span> 
     </span>
    </p>

    <p class='ocr_par' dir='ltr' id='par_1_11' title="bbox 321 1546 999 1632">
     <span class='ocr_line' id='line_1_11' title="bbox 321 1546 999 1632; baseline -0.003 -22"><span class='ocrx_word' id='word_1_40' title='bbox 321 1546 511 1632; x_wconf 82' lang='lat' dir='ltr'>Superiores</span> <span class='ocrx_word' id='word_1_41' title='bbox 534 1546 743 1631; x_wconf 87' lang='lat' dir='ltr'>Regularium</span> <span class='ocrx_word' id='word_1_42' title='bbox 769 1547 999 1611; x_wconf 78' lang='lat' dir='ltr'>Provinciales.</span> 
     </span>
    </p>

    <p class='ocr_par' dir='ltr' id='par_1_12' title="bbox 322 1652 973 1740">
     <span class='ocr_line' id='line_1_12' title="bbox 322 1652 973 1740; baseline -0.003 -22"><span class='ocrx_word' id='word_1_43' title='bbox 322 1653 517 1718; x_wconf 77' lang='lat' dir='ltr'>Procurator</span> <span class='ocrx_word' id='word_1_44' title='bbox 537 1653 679 1740; x_wconf 79' lang='lat' dir='ltr'>Capituli</span> <span class='ocrx_word' id='word_1_45' title='bbox 700 1652 973 1738; x_wconf 76' lang='lat' dir='ltr'>Vyiehradensis.</span> 
     </span>
    </p>

    <p class='ocr_par' dir='ltr' id='par_1_13' title="bbox 323 1756 1180 1845">
     <span class='ocr_line' id='line_1_13' title="bbox 323 1756 1180 1845; baseline -0.006 -20"><span class='ocrx_word' id='word_1_46' title='bbox 323 1761 552 1825; x_wconf 87' lang='lat' dir='ltr'>Procuratores</span> <span class='ocrx_word' id='word_1_47' title='bbox 574 1763 670 1824; x_wconf 89' lang='lat' dir='ltr'>trium</span> <span class='ocrx_word' id='word_1_48' title='bbox 688 1756 920 1845; x_wconf 86' lang='lat' dir='ltr'>Capitulorum’</span> <span class='ocrx_word' id='word_1_49' title='bbox 938 1758 1180 1824; x_wconf 86' lang='lat' dir='ltr'>cathedralium.</span> 
     </span>
    </p>

    <p class='ocr_par' dir='ltr' id='par_1_14' title="bbox 323 1867 1046 1959">
     <span class='ocr_line' id='line_1_14' title="bbox 323 1867 1046 1959; baseline -0.004 -27"><span class='ocrx_word' id='word_1_50' title='bbox 323 1868 417 1933; x_wconf 87' lang='lat' dir='ltr'>Prior</span> <span class='ocrx_word' id='word_1_51' title='bbox 438 1868 624 1959; x_wconf 84' lang='lat' dir='ltr'>Conventus</span> <span class='ocrx_word' id='word_1_52' title='bbox 645 1867 871 1932; x_wconf 87' lang='lat' dir='ltr'>Joannitarum</span> <span class='ocrx_word' id='word_1_53' title='bbox 894 1876 927 1930; x_wconf 90' lang='lat' dir='ltr'>et</span> <span class='ocrx_word' id='word_1_54' title='bbox 1042 1893 1046 1899; x_wconf 90' lang='lat'><strong>·</strong></span> 
     </span>
    </p>

    <p class='ocr_par' dir='ltr' id='par_1_15' title="bbox 322 1975 1466 2064">
     <span class='ocr_line' id='line_1_15' title="bbox 322 1975 1466 2064; baseline 0.003 -25"><span class='ocrx_word' id='word_1_55' title='bbox 322 1975 470 2040; x_wconf 80' lang='lat' dir='ltr'>Abbates</span> <span class='ocrx_word' id='word_1_56' title='bbox 492 1976 672 2062; x_wconf 86' lang='lat' dir='ltr'>Regulares</span> <span class='ocrx_word' id='word_1_57' title='bbox 695 1979 872 2044; x_wconf 88' lang='lat' dir='ltr'>secundum</span> <span class='ocrx_word' id='word_1_58' title='bbox 894 1988 1022 2064; x_wconf 90' lang='lat' dir='ltr'>tempus</span> <span class='ocrx_word' id='word_1_59' title='bbox 1044 1987 1199 2063; x_wconf 83' lang='lat' dir='ltr'>acceptae</span> <span class='ocrx_word' id='word_1_60' title='bbox 1221 1977 1466 2044; x_wconf 81' lang='lat' dir='ltr'>benedictionis.</span> 
     </span>
    </p>

    <p class='ocr_par' dir='ltr' id='par_1_16' title="bbox 179 2079 1717 2712">
     <span class='ocr_line' id='line_1_16' title="bbox 179 2079 1170 2170; baseline 0 -23"><span class='ocrx_word' id='word_1_61' title='bbox 179 2079 193 2137; x_wconf 85' lang='lat'>&#39;-</span> <span class='ocrx_word' id='word_1_62' title='bbox 323 2083 493 2148; x_wconf 73' lang='lat' dir='ltr'>Generalis</span> <span class='ocrx_word' id='word_1_63' title='bbox 516 2093 549 2148; x_wconf 88' lang='lat' dir='ltr'>et</span> <span class='ocrx_word' id='word_1_64' title='bbox 570 2085 710 2170; x_wconf 87' lang='lat' dir='ltr'>Magnus</span> <span class='ocrx_word' id='word_1_65' title='bbox 731 2085 890 2170; x_wconf 83' lang='lat' dir='ltr'>Magister</span> <span class='ocrx_word' id='word_1_66' title='bbox 911 2085 1170 2169; x_wconf 87' lang='lat' dir='ltr'>Crucigerorum.</span> 
     </span>
     <span class='ocr_line' id='line_1_17' title="bbox 322 2190 1608 2279; baseline 0 -23"><span class='ocrx_word' id='word_1_67' title='bbox 322 2191 501 2277; x_wconf 88' lang='lat' dir='ltr'>Praepositi</span> <span class='ocrx_word' id='word_1_68' title='bbox 522 2192 747 2279; x_wconf 90' lang='lat' dir='ltr'>Capitulorum</span> <span class='ocrx_word' id='word_1_69' title='bbox 778 2192 1019 2277; x_wconf 88' lang='lat' dir='ltr'>collegiatorum</span> <span class='ocrx_word' id='word_1_70' title='bbox 1042 2190 1318 2257; x_wconf 86' lang='lat' dir='ltr'>Veteroboleslav.</span> <span class='ocrx_word' id='word_1_71' title='bbox 1341 2202 1373 2256; x_wconf 91' lang='lat' dir='ltr'>et</span> <span class='ocrx_word' id='word_1_72' title='bbox 1395 2192 1438 2257; x_wconf 89' lang='lat' dir='ltr'>ad</span> <span class='ocrx_word' id='word_1_73' title='bbox 1459 2191 1529 2258; x_wconf 90' lang='grc'>00.</span> <span class='ocrx_word' id='word_1_74' title='bbox 1552 2194 1608 2259; x_wconf 89' lang='lat' dir='ltr'>SS.</span> 
     </span>
     <span class='ocr_line' id='line_1_18' title="bbox 323 2284 1236 2385; baseline -0.002 -23"><span class='ocrx_word' id='word_1_75' title='bbox 323 2299 508 2385; x_wconf 88' lang='lat' dir='ltr'>Capitulum</span> <span class='ocrx_word' id='word_1_76' title='bbox 531 2284 809 2385; x_wconf 85' lang='lat' dir='ltr'>metropolitanum</span> <span class='ocrx_word' id='word_1_77' title='bbox 831 2302 865 2363; x_wconf 92' lang='lat' dir='ltr'>in</span> <span class='ocrx_word' id='word_1_78' title='bbox 887 2321 1021 2384; x_wconf 88' lang='lat' dir='ltr'>corpore</span> <span class='ocrx_word' id='word_1_79' title='bbox 1040 2298 1236 2384; x_wconf 88' lang='lat' dir='ltr'>procedens.</span> 
     </span>
     <span class='ocr_line' id='line_1_19' title="bbox 323 2404 1526 2492; baseline 0.001 -22"><span class='ocrx_word' id='word_1_80' title='bbox 323 2405 471 2486; x_wconf 79' lang='lat' dir='ltr'>Quatuor</span> <span class='ocrx_word' id='word_1_81' title='bbox 492 2407 765 2471; x_wconf 87' lang='lat' dir='ltr'>Reverendissimi</span> <span class='ocrx_word' id='word_1_82' title='bbox 787 2406 941 2492; x_wconf 87' lang='lat' dir='ltr'>Episcopi</span> <span class='ocrx_word' id='word_1_83' title='bbox 963 2406 1099 2470; x_wconf 90' lang='lat' dir='ltr'>Concilii</span> <span class='ocrx_word' id='word_1_84' title='bbox 1122 2404 1235 2469; x_wconf 88' lang='lat' dir='ltr'>Patres</span> <span class='ocrx_word' id='word_1_85' title='bbox 1258 2428 1331 2470; x_wconf 91' lang='lat' dir='ltr'>cum</span> <span class='ocrx_word' id='word_1_86' title='bbox 1353 2407 1526 2471; x_wconf 88' lang='lat' dir='ltr'>Infulariis.</span> 
     </span>
     <span class='ocr_line' id='line_1_20' title="bbox 323 2514 1657 2602; baseline 0 -23"><span class='ocrx_word' id='word_1_87' title='bbox 323 2514 549 2580; x_wconf 88' lang='lat' dir='ltr'>Subdiaconus</span> <span class='ocrx_word' id='word_1_88' title='bbox 571 2537 645 2580; x_wconf 88' lang='lat' dir='ltr'>cum</span> <span class='ocrx_word' id='word_1_89' title='bbox 667 2515 773 2581; x_wconf 88' lang='lat' dir='ltr'>Cruce</span> <span class='ocrx_word' id='word_1_90' title='bbox 794 2514 1063 2602; x_wconf 85' lang='lat' dir='ltr'>archiepiscopali</span> <span class='ocrx_word' id='word_1_91' title='bbox 1085 2525 1118 2578; x_wconf 91' lang='lat' dir='ltr'>et</span> <span class='ocrx_word' id='word_1_92' title='bbox 1137 2514 1365 2596; x_wconf 82' lang='lat' dir='ltr'>Cerot&#39;crariis3</span> <span class='ocrx_word' id='word_1_93' title='bbox 1387 2515 1520 2581; x_wconf 91' lang='lat' dir='ltr'>tandem</span> <span class='ocrx_word' id='word_1_94' title='bbox 1654 2574 1657 2579; x_wconf 90' lang='lat'>.</span> 
     </span>
     <span class='ocr_line' id='line_1_21' title="bbox 323 2623 1717 2712; baseline 0.002 -26"><span class='ocrx_word' id='word_1_95' title='bbox 323 2623 603 2687; x_wconf 84' lang='lat' dir='ltr'>Eminentissimus</span> <span class='ocrx_word' id='word_1_96' title='bbox 631 2626 836 2712; x_wconf 88' lang='lat' dir='ltr'>Metropolita</span> <span class='ocrx_word' id='word_1_97' title='bbox 864 2625 1010 2710; x_wconf 86' lang='lat' dir='ltr'>(indutus</span> <span class='ocrx_word' id='word_1_98' title='bbox 1037 2624 1122 2708; x_wconf 85' lang='lat' dir='ltr'>alba,</span> <span class='ocrx_word' id='word_1_99' title='bbox 1151 2625 1232 2689; x_wconf 87' lang='lat' dir='ltr'>stola</span> <span class='ocrx_word' id='word_1_100' title='bbox 1259 2634 1292 2688; x_wconf 90' lang='lat' dir='ltr'>et</span> <span class='ocrx_word' id='word_1_101' title='bbox 1313 2624 1447 2710; x_wconf 87' lang='lat' dir='ltr'>pluviali</span> <span class='ocrx_word' id='word_1_102' title='bbox 1475 2624 1564 2689; x_wconf 89' lang='lat' dir='ltr'>rubri</span> <span class='ocrx_word' id='word_1_103' title='bbox 1586 2624 1717 2709; x_wconf 83' lang='lat' dir='ltr'>coloris)</span> 
     </span>
    </p>

    <p class='ocr_par' dir='ltr' id='par_1_17' title="bbox 223 2730 566 2796">
     <span class='ocr_line' id='line_1_22' title="bbox 223 2730 566 2796; baseline -0.003 -2"><span class='ocrx_word' id='word_1_104' title='bbox 223 2752 296 2794; x_wconf 91' lang='lat' dir='ltr'>cum</span> <span class='ocrx_word' id='word_1_105' title='bbox 319 2730 566 2796; x_wconf 87' lang='lat' dir='ltr'>Assistentibus.</span> 
     </span>
    </p>
   </div>
   <div class='ocr_carea' id='block_1_3' title="bbox 222 2856 1809 3272">
    <p class='ocr_par' dir='ltr' id='par_1_18' title="bbox 222 2856 1809 3272">
     <span class='ocr_line' id='line_1_23' title="bbox 224 2856 1730 2950; baseline 0.001 -24"><span class='ocrx_word' id='word_1_106' title='bbox 224 2856 226 2860; x_wconf 41' lang='lat'><em>⁴</em></span> <span class='ocrx_word' id='word_1_107' title='bbox 321 2856 438 2928; x_wconf 90' lang='lat' dir='ltr'>Clerici</span> <span class='ocrx_word' id='word_1_108' title='bbox 462 2862 656 2947; x_wconf 85' lang='lat' dir='ltr'>saeculares,</span> <span class='ocrx_word' id='word_1_109' title='bbox 680 2867 818 2932; x_wconf 90' lang='lat' dir='ltr'>Parochi</span> <span class='ocrx_word' id='word_1_110' title='bbox 839 2869 990 2949; x_wconf 86' lang='lat' dir='ltr'>civitatis,</span> <span class='ocrx_word' id='word_1_111' title='bbox 1013 2866 1169 2950; x_wconf 85' lang='lat' dir='ltr'>Theologi</span> <span class='ocrx_word' id='word_1_112' title='bbox 1190 2866 1332 2948; x_wconf 80' lang='lat' dir='ltr'>Petrum,</span> <span class='ocrx_word' id='word_1_113' title='bbox 1355 2866 1480 2929; x_wconf 88' lang='lat' dir='ltr'>Notarii</span> <span class='ocrx_word' id='word_1_114' title='bbox 1496 2874 1528 2927; x_wconf 93' lang='lat' dir='ltr'>et</span> <span class='ocrx_word' id='word_1_115' title='bbox 1543 2865 1730 2929; x_wconf 83' lang='lat' dir='ltr'>Secretarii&#39;</span> 
     </span>
     <span class='ocr_line' id='line_1_24' title="bbox 222 2970 1715 3058; baseline 0.001 -26"><span class='ocrx_word' id='word_1_116' title='bbox 222 2970 464 3055; x_wconf 88' lang='lat' dir='ltr'>superpelliceis</span> <span class='ocrx_word' id='word_1_117' title='bbox 486 2980 519 3035; x_wconf 91' lang='lat' dir='ltr'>et</span> <span class='ocrx_word' id='word_1_118' title='bbox 540 2971 688 3052; x_wconf 85' lang='lat' dir='ltr'>birretis,</span> <span class='ocrx_word' id='word_1_119' title='bbox 723 2972 913 3057; x_wconf 87' lang='lat' dir='ltr'>Superiores</span> <span class='ocrx_word' id='word_1_120' title='bbox 934 2973 1149 3058; x_wconf 85' lang='lat' dir='ltr'>provinciales</span> <span class='ocrx_word' id='word_1_121' title='bbox 1182 2972 1391 3057; x_wconf 85' lang='lat' dir='ltr'>Regularium</span> <span class='ocrx_word' id='word_1_122' title='bbox 1418 2971 1531 3036; x_wconf 91' lang='lat' dir='ltr'>habitu</span> <span class='ocrx_word' id='word_1_123' title='bbox 1553 2974 1603 3035; x_wconf 91' lang='lat' dir='ltr'>sui</span> <span class='ocrx_word' id='word_1_124' title='bbox 1631 2971 1715 3035; x_wconf 92' lang='lat' dir='ltr'>ordi-</span> 
     </span>
     <span class='ocr_line' id='line_1_25' title="bbox 222 3076 1809 3167; baseline 0 -27"><span class='ocrx_word' id='word_1_125' title='bbox 222 3079 287 3159; x_wconf 87' lang='lat' dir='ltr'>nis,</span> <span class='ocrx_word' id='word_1_126' title='bbox 316 3077 431 3163; x_wconf 91' lang='lat' dir='ltr'>reliqui</span> <span class='ocrx_word' id='word_1_127' title='bbox 457 3079 667 3164; x_wconf 81' lang='lat' dir='ltr'>Regularium</span> <span class='ocrx_word' id='word_1_128' title='bbox 694 3080 875 3164; x_wconf 86' lang='lat' dir='ltr'>Praepositi</span> <span class='ocrx_word' id='word_1_129' title='bbox 901 3088 934 3141; x_wconf 92' lang='lat' dir='ltr'>et</span> <span class='ocrx_word' id='word_1_130' title='bbox 960 3077 1122 3159; x_wconf 91' lang='lat' dir='ltr'>Abbates,</span> <span class='ocrx_word' id='word_1_131' title='bbox 1151 3087 1245 3163; x_wconf 92' lang='lat' dir='ltr'>prout</span> <span class='ocrx_word' id='word_1_132' title='bbox 1271 3087 1303 3142; x_wconf 93' lang='lat' dir='ltr'>et</span> <span class='ocrx_word' id='word_1_133' title='bbox 1334 3078 1538 3142; x_wconf 90' lang='lat' dir='ltr'>Promotores</span> <span class='ocrx_word' id='word_1_134' title='bbox 1570 3076 1717 3160; x_wconf 88' lang='lat' dir='ltr'>Concilii,</span> <span class='ocrx_word' id='word_1_135' title='bbox 1805 3157 1809 3167; x_wconf 77' lang='lat'>.</span> 
     </span>
     <span class='ocr_line' id='line_1_26' title="bbox 223 3182 1716 3272; baseline 0.002 -26"><span class='ocrx_word' id='word_1_136' title='bbox 223 3182 452 3249; x_wconf 80' lang='lat' dir='ltr'>Procuratores</span> <span class='ocrx_word' id='word_1_137' title='bbox 479 3195 512 3249; x_wconf 92' lang='lat' dir='ltr'>et</span> <span class='ocrx_word' id='word_1_138' title='bbox 539 3186 721 3272; x_wconf 87' lang='lat' dir='ltr'>Praepositi</span> <span class='ocrx_word' id='word_1_139' title='bbox 747 3184 987 3270; x_wconf 82' lang='lat' dir='ltr'>Capitulorum,</span> <span class='ocrx_word' id='word_1_140' title='bbox 1014 3184 1234 3272; x_wconf 86' lang='lat' dir='ltr'>Canonicique</span> <span class='ocrx_word' id='word_1_141' title='bbox 1261 3186 1525 3270; x_wconf 89' lang='lat' dir='ltr'>metropolitanae</span> <span class='ocrx_word' id='word_1_142' title='bbox 1547 3185 1716 3266; x_wconf 86' lang='lat' dir='ltr'>ecclesiae,</span> 
     </span>
    </p>
   </div>
   <div class='ocr_carea' id='block_1_4' title="bbox 221 3289 1718 3482">
    <p class='ocr_par' dir='ltr' id='par_1_19' title="bbox 221 3289 1718 3482">
     <span class='ocr_line' id='line_1_27' title="bbox 221 3289 1718 3378; baseline 0.002 -26"><span class='ocrx_word' id='word_1_143' title='bbox 221 3289 420 3375; x_wconf 89' lang='lat' dir='ltr'>pluvialibus</span> <span class='ocrx_word' id='word_1_144' title='bbox 448 3292 555 3357; x_wconf 90' lang='lat' dir='ltr'>rubris</span> <span class='ocrx_word' id='word_1_145' title='bbox 581 3294 686 3357; x_wconf 91' lang='lat' dir='ltr'>induti</span> <span class='ocrx_word' id='word_1_146' title='bbox 712 3301 812 3357; x_wconf 90' lang='lat' dir='ltr'>crant.</span> <span class='ocrx_word' id='word_1_147' title='bbox 856 3291 958 3356; x_wconf 89' lang='lat' dir='ltr'>Usum</span> <span class='ocrx_word' id='word_1_148' title='bbox 985 3292 1105 3356; x_wconf 87' lang='lat' dir='ltr'>insulae</span> <span class='ocrx_word' id='word_1_149' title='bbox 1128 3291 1286 3357; x_wconf 89' lang='lat' dir='ltr'>habentes</span> <span class='ocrx_word' id='word_1_150' title='bbox 1309 3293 1472 3378; x_wconf 89' lang='lat' dir='ltr'>simplices</span> <span class='ocrx_word' id='word_1_151' title='bbox 1494 3295 1604 3357; x_wconf 86' lang='lat' dir='ltr'>mitras</span> <span class='ocrx_word' id='word_1_152' title='bbox 1627 3292 1718 3356; x_wconf 87' lang='lat' dir='ltr'>albas</span> 
     </span>
     <span class='ocr_line' id='line_1_28' title="bbox 223 3406 1594 3482; baseline 0.003 -20"><span class='ocrx_word' id='word_1_153' title='bbox 223 3408 402 3482; x_wconf 83' lang='lat' dir='ltr'>gestanmt</span> <span class='ocrx_word' id='word_1_154' title='bbox 1591 3406 1594 3410; x_wconf 81' lang='grc'><strong>’</strong></span> 
     </span>
    </p>
   </div>
   <div class='ocr_carea' id='block_1_5' title="bbox 222 3510 1779 4050">
    <p class='ocr_par' dir='ltr' id='par_1_20' title="bbox 222 3510 1779 4050">
     <span class='ocr_line' id='line_1_29' title="bbox 321 3510 1779 3620; baseline 0 -24"><span class='ocrx_word' id='word_1_155' title='bbox 321 3533 361 3596; x_wconf 92' lang='lat' dir='ltr'>ln</span> <span class='ocrx_word' id='word_1_156' title='bbox 386 3510 525 3597; x_wconf 82' lang='lat' dir='ltr'>ecclesia</span> <span class='ocrx_word' id='word_1_157' title='bbox 552 3555 651 3619; x_wconf 91' lang='lat' dir='ltr'>quum</span> <span class='ocrx_word' id='word_1_158' title='bbox 678 3553 788 3596; x_wconf 90' lang='lat' dir='ltr'>omnes</span> <span class='ocrx_word' id='word_1_159' title='bbox 816 3531 998 3617; x_wconf 88' lang='lat' dir='ltr'>Synodales</span> <span class='ocrx_word' id='word_1_160' title='bbox 1025 3534 1058 3594; x_wconf 92' lang='lat' dir='ltr'>in</span> <span class='ocrx_word' id='word_1_161' title='bbox 1081 3530 1288 3616; x_wconf 75' lang='lat' dir='ltr'>,presbyterio</span> <span class='ocrx_word' id='word_1_162' title='bbox 1317 3555 1410 3596; x_wconf 91' lang='lat' dir='ltr'>suum</span> <span class='ocrx_word' id='word_1_163' title='bbox 1445 3536 1581 3619; x_wconf 92' lang='lat' dir='ltr'>quisque</span> <span class='ocrx_word' id='word_1_164' title='bbox 1609 3532 1714 3597; x_wconf 86' lang='lat' dir='ltr'>locum</span> <span class='ocrx_word' id='word_1_165' title='bbox 1773 3615 1779 3620; x_wconf 35' lang='grc'>-</span> 
     </span>
     <span class='ocr_line' id='line_1_30' title="bbox 222 3629 1718 3730; baseline -0.001 -26"><span class='ocrx_word' id='word_1_166' title='bbox 222 3643 484 3727; x_wconf 88' lang='lat' dir='ltr'>capessivissent,</span> <span class='ocrx_word' id='word_1_167' title='bbox 506 3641 786 3707; x_wconf 85' lang='lat' dir='ltr'>Eminentissimus</span> <span class='ocrx_word' id='word_1_168' title='bbox 799 3639 1005 3726; x_wconf 90' lang='lat' dir='ltr'>Metropolita</span> <span class='ocrx_word' id='word_1_169' title='bbox 1026 3639 1068 3703; x_wconf 91' lang='lat' dir='ltr'>ad</span> <span class='ocrx_word' id='word_1_170' title='bbox 1090 3629 1191 3703; x_wconf 86' lang='lat' dir='ltr'>altare</span> <span class='ocrx_word' id='word_1_171' title='bbox 1206 3641 1312 3724; x_wconf 86' lang='lat' dir='ltr'>majus</span> <span class='ocrx_word' id='word_1_172' title='bbox 1326 3639 1497 3730; x_wconf 83' lang='lat' dir='ltr'>hynmum:</span> <span class='ocrx_word' id='word_1_173' title='bbox 1526 3642 1608 3707; x_wconf 81' lang='lat' dir='ltr'>Veni</span> <span class='ocrx_word' id='word_1_174' title='bbox 1623 3641 1718 3704; x_wconf 80' lang='lat' dir='ltr'>Orca-</span> 
     </span>
     <span class='ocr_line' id='line_1_31' title="bbox 222 3746 1718 3833; baseline -0.001 -21"><span class='ocrx_word' id='word_1_175' title='bbox 222 3759 275 3812; x_wconf 86' lang='lat' dir='ltr'>tor</span> <span class='ocrx_word' id='word_1_176' title='bbox 306 3750 451 3831; x_wconf 69' lang='lat' dir='ltr'>Spiritus</span> <span class='ocrx_word' id='word_1_177' title='bbox 485 3752 656 3831; x_wconf 86' lang='lat' dir='ltr'>intonavit,</span> <span class='ocrx_word' id='word_1_178' title='bbox 684 3750 735 3812; x_wconf 92' lang='lat' dir='ltr'>cui</span> <span class='ocrx_word' id='word_1_179' title='bbox 762 3770 783 3812; x_wconf 92' lang='lat' dir='ltr'>a</span> <span class='ocrx_word' id='word_1_180' title='bbox 809 3747 915 3812; x_wconf 91' lang='lat' dir='ltr'>Choro</span> <span class='ocrx_word' id='word_1_181' title='bbox 942 3750 1081 3811; x_wconf 86' lang='lat' dir='ltr'>musices</span> <span class='ocrx_word' id='word_1_182' title='bbox 1099 3746 1285 3823; x_wconf 85' lang='lat' dir='ltr'>¹decantato</span> <span class='ocrx_word' id='word_1_183' title='bbox 1307 3746 1451 3815; x_wconf 89' lang='lat' dir='ltr'>Collecta</span> <span class='ocrx_word' id='word_1_184' title='bbox 1478 3748 1519 3812; x_wconf 92' lang='lat' dir='ltr'>de</span> <span class='ocrx_word' id='word_1_185' title='bbox 1544 3746 1666 3833; x_wconf 81' lang='lat' dir='ltr'>Spiritu</span> <span class='ocrx_word' id='word_1_186' title='bbox 1692 3770 1718 3811; x_wconf 89' lang='lat' dir='ltr'>s.</span> 
     </span>
     <span class='ocr_line' id='line_1_32' title="bbox 226 3841 1720 3940; baseline -0.001 -20"><span class='ocrx_word' id='word_1_187' title='bbox 226 3855 374 3921; x_wconf 86' lang='lat' dir='ltr'>subnexa</span> <span class='ocrx_word' id='word_1_188' title='bbox 396 3865 462 3938; x_wconf 86' lang='lat' dir='ltr'>est;</span> <span class='ocrx_word' id='word_1_189' title='bbox 497 3857 572 3921; x_wconf 92' lang='lat' dir='ltr'>dein</span> <span class='ocrx_word' id='word_1_190' title='bbox 594 3841 767 3921; x_wconf 79' lang='lat' dir='ltr'>soleinnem</span> <span class='ocrx_word' id='word_1_191' title='bbox 789 3858 930 3920; x_wconf 82' lang='lat' dir='ltr'>Missam</span> <span class='ocrx_word' id='word_1_192' title='bbox 951 3859 990 3920; x_wconf 82' lang='lat' dir='ltr'>de</span> <span class='ocrx_word' id='word_1_193' title='bbox 1011 3858 1140 3938; x_wconf 76' lang='lat' dir='ltr'>Spiritu</span> <span class='ocrx_word' id='word_1_194' title='bbox 1161 3880 1187 3918; x_wconf 89' lang='lat' dir='ltr'>s.</span> <span class='ocrx_word' id='word_1_195' title='bbox 1210 3842 1396 3938; x_wconf 83' lang='lat' dir='ltr'>celebravit,</span> <span class='ocrx_word' id='word_1_196' title='bbox 1429 3857 1514 3920; x_wconf 89' lang='lat' dir='ltr'>intra</span> <span class='ocrx_word' id='word_1_197' title='bbox 1534 3876 1630 3940; x_wconf 89' lang='lat' dir='ltr'>quam</span> <span class='ocrx_word' id='word_1_198' title='bbox 1651 3855 1720 3918; x_wconf 84' lang='lat' dir='ltr'>fere</span> 
     </span>
     <span class='ocr_line' id='line_1_33' title="bbox 223 3958 1719 4050; baseline -0.003 -22"><span class='ocrx_word' id='word_1_199' title='bbox 223 3985 335 4028; x_wconf 90' lang='lat' dir='ltr'>omnes</span> <span class='ocrx_word' id='word_1_200' title='bbox 356 3963 536 4048; x_wconf 84' lang='lat' dir='ltr'>Synodales</span> <span class='ocrx_word' id='word_1_201' title='bbox 558 3964 666 4028; x_wconf 88' lang='lat' dir='ltr'>etalii</span> <span class='ocrx_word' id='word_1_202' title='bbox 688 3976 815 4050; x_wconf 86' lang='lat' dir='ltr'>quoque</span> <span class='ocrx_word' id='word_1_203' title='bbox 833 3986 851 4026; x_wconf 93' lang='lat' dir='ltr'>e</span> <span class='ocrx_word' id='word_1_204' title='bbox 866 3962 961 4028; x_wconf 90' lang='lat' dir='ltr'>Clero</span> <span class='ocrx_word' id='word_1_205' title='bbox 983 3970 1130 4027; x_wconf 91' lang='lat' dir='ltr'>sanctum</span> <span class='ocrx_word' id='word_1_206' title='bbox 1152 3961 1273 4025; x_wconf 86' lang='lat' dir='ltr'>Christi</span> <span class='ocrx_word' id='word_1_207' title='bbox 1288 3960 1414 4047; x_wconf 86' lang='lat' dir='ltr'>Corpus</span> <span class='ocrx_word' id='word_1_208' title='bbox 1437 3958 1626 4039; x_wconf 68' lang='lat' dir='ltr'>e&#39;manibus</span> <span class='ocrx_word' id='word_1_209' title='bbox 1648 3960 1719 4044; x_wconf 90' lang='lat' dir='ltr'>ejus</span> 
     </span>
    </p>
   </div>
   <div class='ocr_carea' id='block_1_6' title="bbox 124 4081 447 4159">
    <p class='ocr_par' dir='ltr' id='par_1_21' title="bbox 124 4081 447 4159">
     <span class='ocr_line' id='line_1_34' title="bbox 124 4081 447 4159; baseline -0.012 -21"><span class='ocrx_word' id='word_1_210' title='bbox 124 4131 129 4138; x_wconf 89' lang='lat'>.</span> <span class='ocrx_word' id='word_1_211' title='bbox 223 4081 447 4159; x_wconf 79' lang='lat' dir='ltr'>susceperunt</span> 
     </span>
    </p>
   </div>
   <div class='ocr_carea' id='block_1_7' title="bbox 322 4171 1761 4288">
    <p class='ocr_par' dir='ltr' id='par_1_22' title="bbox 322 4171 1761 4288">
     <span class='ocr_line' id='line_1_35' title="bbox 322 4171 1761 4288; baseline 0 -20"><span class='ocrx_word' id='word_1_212' title='bbox 322 4203 425 4268; x_wconf 89' lang='lat' dir='ltr'>Missa</span> <span class='ocrx_word' id='word_1_213' title='bbox 445 4203 536 4269; x_wconf 86' lang='lat' dir='ltr'>finita</span> <span class='ocrx_word' id='word_1_214' title='bbox 556 4171 640 4268; x_wconf 83' lang='lat' dir='ltr'>unus</span> <span class='ocrx_word' id='word_1_215' title='bbox 661 4203 884 4281; x_wconf 85' lang='lat' dir='ltr'>Promotorum</span> <span class='ocrx_word' id='word_1_216' title='bbox 903 4202 1023 4288; x_wconf 86' lang='lat' dir='ltr'>populo</span> <span class='ocrx_word' id='word_1_217' title='bbox 1045 4185 1393 4288; x_wconf 53' lang='lat' dir='ltr'>congregato&#39;utraque</span> <span class='ocrx_word' id='word_1_218' title='bbox 1408 4201 1585 4266; x_wconf 86' lang='lat' dir='ltr'>vernacula</span> <span class='ocrx_word' id='word_1_219' title='bbox 1606 4202 1718 4288; x_wconf 91' lang='lat' dir='ltr'>lingua</span> <span class='ocrx_word' id='word_1_220' title='bbox 1758 4178 1761 4184; x_wconf 18' lang='grc' dir='ltr'>ι</span> 
     </span>
    </p>
   </div>
   <div class='ocr_carea' id='block_1_8' title="bbox 224 4308 1721 4398">
    <p class='ocr_par' dir='ltr' id='par_1_23' title="bbox 224 4308 1721 4398">
     <span class='ocr_line' id='line_1_36' title="bbox 224 4308 1721 4398; baseline -0.004 -17"><span class='ocrx_word' id='word_1_221' title='bbox 224 4308 479 4381; x_wconf 78' lang='lat' dir='ltr'>Eminentissimi</span> <span class='ocrx_word' id='word_1_222' title='bbox 505 4310 728 4398; x_wconf 87' lang='lat' dir='ltr'>Metropolitae</span> <span class='ocrx_word' id='word_1_223' title='bbox 749 4309 950 4398; x_wconf 91' lang='lat' dir='ltr'>propositum</span> <span class='ocrx_word' id='word_1_224' title='bbox 977 4333 1017 4375; x_wconf 92' lang='lat' dir='ltr'>ac</span> <span class='ocrx_word' id='word_1_225' title='bbox 1037 4310 1214 4374; x_wconf 89' lang='lat' dir='ltr'>Decretum</span> <span class='ocrx_word' id='word_1_226' title='bbox 1233 4309 1447 4375; x_wconf 86' lang='lat' dir='ltr'>celebrandae</span> <span class='ocrx_word' id='word_1_227' title='bbox 1469 4309 1603 4395; x_wconf 88' lang='lat' dir='ltr'>Synodi,</span> <span class='ocrx_word' id='word_1_228' title='bbox 1625 4320 1721 4397; x_wconf 90' lang='lat' dir='ltr'>prout</span> 
     </span>
    </p>
   </div>
   <div class='ocr_carea' id='block_1_9' title="bbox 224 4406 1720 4595">
    <p class='ocr_par' dir='ltr' id='par_1_24' title="bbox 224 4406 1720 4595">
     <span class='ocr_line' id='line_1_37' title="bbox 224 4406 1720 4508; baseline 0.003 -25"><span class='ocrx_word' id='word_1_229' title='bbox 224 4418 372 4504; x_wconf 85' lang='lat' dir='ltr'>ejusdem</span> <span class='ocrx_word' id='word_1_230' title='bbox 394 4419 647 4489; x_wconf 82' lang='lat' dir='ltr'>Eminentissimi</span> <span class='ocrx_word' id='word_1_231' title='bbox 668 4422 798 4487; x_wconf 90' lang='lat' dir='ltr'>Domini</span> <span class='ocrx_word' id='word_1_232' title='bbox 820 4422 1077 4488; x_wconf 89' lang='lat' dir='ltr'>adhortationem</span> <span class='ocrx_word' id='word_1_233' title='bbox 1098 4421 1330 4508; x_wconf 87' lang='lat' dir='ltr'>promulgavit,</span> <span class='ocrx_word' id='word_1_234' title='bbox 1358 4431 1394 4486; x_wconf 90' lang='lat' dir='ltr'>ut</span> <span class='ocrx_word' id='word_1_235' title='bbox 1421 4421 1565 4507; x_wconf 84' lang='lat' dir='ltr'>fidelium</span> <span class='ocrx_word' id='word_1_236' title='bbox 1594 4406 1720 4488; x_wconf 82' lang='lat' dir='ltr'>fervida</span> 
     </span>
     <span class='ocr_line' id='line_1_38' title="bbox 224 4525 1000 4595; baseline 0.001 -5"><span class='ocrx_word' id='word_1_237' title='bbox 224 4526 326 4592; x_wconf 91' lang='lat' dir='ltr'>oratio</span> <span class='ocrx_word' id='word_1_238' title='bbox 359 4525 608 4595; x_wconf 82' lang='lat' dir='ltr'>consultationes</span> <span class='ocrx_word' id='word_1_239' title='bbox 630 4529 762 4594; x_wconf 90' lang='lat' dir='ltr'>Patrum</span> <span class='ocrx_word' id='word_1_240' title='bbox 785 4531 1000 4593; x_wconf 88' lang='lat' dir='ltr'>comitaretur.</span> 
     </span>
    </p>
   </div>
   <div class='ocr_carea' id='block_1_10' title="bbox 224 4651 1718 4951">
    <p class='ocr_par' dir='ltr' id='par_1_25' title="bbox 224 4651 1718 4951">
     <span class='ocr_line' id='line_1_39' title="bbox 325 4651 1716 4737; baseline 0.004 -22"><span class='ocrx_word' id='word_1_241' title='bbox 325 4651 453 4716; x_wconf 91' lang='lat' dir='ltr'>Dehinc</span> <span class='ocrx_word' id='word_1_242' title='bbox 468 4652 636 4718; x_wconf 88' lang='lat' dir='ltr'>Processio</span> <span class='ocrx_word' id='word_1_243' title='bbox 652 4653 800 4719; x_wconf 88' lang='lat' dir='ltr'>ordinata</span> <span class='ocrx_word' id='word_1_244' title='bbox 821 4663 871 4718; x_wconf 89' lang='lat' dir='ltr'>est</span> <span class='ocrx_word' id='word_1_245' title='bbox 885 4653 927 4717; x_wconf 90' lang='lat' dir='ltr'>ad</span> <span class='ocrx_word' id='word_1_246' title='bbox 941 4653 1095 4717; x_wconf 81' lang='lat' dir='ltr'>sacellum</span> <span class='ocrx_word' id='word_1_247' title='bbox 1105 4675 1132 4716; x_wconf 86' lang='lat' dir='ltr'>s.</span> <span class='ocrx_word' id='word_1_248' title='bbox 1155 4653 1340 4726; x_wconf 81' lang='lat' dir='ltr'>chceslai,</span> <span class='ocrx_word' id='word_1_249' title='bbox 1354 4651 1494 4737; x_wconf 85' lang='lat' dir='ltr'>publicis</span> <span class='ocrx_word' id='word_1_250' title='bbox 1509 4654 1716 4720; x_wconf 89' lang='lat' dir='ltr'>Sessionibus</span> 
     </span>
     <span class='ocr_line' id='line_1_40' title="bbox 224 4755 1718 4849; baseline 0.005 -28"><span class='ocrx_word' id='word_1_251' title='bbox 224 4755 429 4842; x_wconf 89' lang='lat' dir='ltr'>destinatum,</span> <span class='ocrx_word' id='word_1_252' title='bbox 451 4758 509 4827; x_wconf 90' lang='lat' dir='ltr'>ubi</span> <span class='ocrx_word' id='word_1_253' title='bbox 530 4757 711 4843; x_wconf 86' lang='lat' dir='ltr'>Synodales</span> <span class='ocrx_word' id='word_1_254' title='bbox 733 4782 792 4823; x_wconf 89' lang='lat' dir='ltr'>sua</span> <span class='ocrx_word' id='word_1_255' title='bbox 814 4760 933 4845; x_wconf 90' lang='lat' dir='ltr'>quique</span> <span class='ocrx_word' id='word_1_256' title='bbox 955 4758 1026 4822; x_wconf 89' lang='lat' dir='ltr'>loca</span> <span class='ocrx_word' id='word_1_257' title='bbox 1048 4765 1256 4844; x_wconf 90' lang='lat' dir='ltr'>occuparunt,</span> <span class='ocrx_word' id='word_1_258' title='bbox 1279 4759 1402 4845; x_wconf 91' lang='lat' dir='ltr'>reliquo</span> <span class='ocrx_word' id='word_1_259' title='bbox 1417 4758 1511 4825; x_wconf 90' lang='lat' dir='ltr'>Clero</span> <span class='ocrx_word' id='word_1_260' title='bbox 1534 4773 1567 4827; x_wconf 94' lang='lat' dir='ltr'>et</span> <span class='ocrx_word' id='word_1_261' title='bbox 1587 4762 1718 4849; x_wconf 88' lang='lat' dir='ltr'>populo,</span> 
     </span>
     <span class='ocr_line' id='line_1_41' title="bbox 224 4865 1651 4951; baseline 0.002 -21"><span class='ocrx_word' id='word_1_262' title='bbox 224 4866 280 4950; x_wconf 88' lang='lat' dir='ltr'>qui</span> <span class='ocrx_word' id='word_1_263' title='bbox 302 4868 584 4932; x_wconf 86' lang='lat' dir='ltr'>numerosissimus</span> <span class='ocrx_word' id='word_1_264' title='bbox 608 4868 819 4951; x_wconf 87' lang='lat' dir='ltr'>confluxerat,</span> <span class='ocrx_word' id='word_1_265' title='bbox 842 4868 885 4933; x_wconf 92' lang='lat' dir='ltr'>ad</span> <span class='ocrx_word' id='word_1_266' title='bbox 906 4869 1022 4933; x_wconf 87' lang='lat' dir='ltr'>ostium</span> <span class='ocrx_word' id='word_1_267' title='bbox 1045 4865 1156 4931; x_wconf 91' lang='lat' dir='ltr'>sacelli</span> <span class='ocrx_word' id='word_1_268' title='bbox 1178 4868 1211 4931; x_wconf 92' lang='lat' dir='ltr'>in</span> <span class='ocrx_word' id='word_1_269' title='bbox 1240 4866 1379 4932; x_wconf 90' lang='lat' dir='ltr'>ccclesia</span> <span class='ocrx_word' id='word_1_270' title='bbox 1400 4869 1651 4935; x_wconf 89' lang='lat' dir='ltr'>remanentibus.</span> 
     </span>
    </p>
   </div>
   <div class='ocr_carea' id='block_1_11' title="bbox 223 4999 1719 5304">
    <p class='ocr_par' dir='ltr' id='par_1_26' title="bbox 223 4999 1719 5304">
     <span class='ocr_line' id='line_1_42' title="bbox 323 4999 1718 5089; baseline 0.002 -25"><span class='ocrx_word' id='word_1_271' title='bbox 323 4999 532 5086; x_wconf 86' lang='lat' dir='ltr'>Metropolita.</span> <span class='ocrx_word' id='word_1_272' title='bbox 556 5020 629 5065; x_wconf 90' lang='lat' dir='ltr'>cum</span> <span class='ocrx_word' id='word_1_273' title='bbox 660 5001 899 5067; x_wconf 79' lang='lat' dir='ltr'>Assistentibus</span> <span class='ocrx_word' id='word_1_274' title='bbox 925 5002 969 5066; x_wconf 90' lang='lat' dir='ltr'>ad</span> <span class='ocrx_word' id='word_1_275' title='bbox 996 5001 1099 5066; x_wconf 81' lang='lat' dir='ltr'>altare</span> <span class='ocrx_word' id='word_1_276' title='bbox 1128 5000 1239 5067; x_wconf 88' lang='lat' dir='ltr'>sacelli</span> <span class='ocrx_word' id='word_1_277' title='bbox 1265 5003 1460 5086; x_wconf 85' lang='lat' dir='ltr'>genuflexus</span> <span class='ocrx_word' id='word_1_278' title='bbox 1486 5004 1612 5089; x_wconf 90' lang='lat' dir='ltr'>incepit·</span> <span class='ocrx_word' id='word_1_279' title='bbox 1627 5004 1718 5067; x_wconf 91' lang='lat' dir='ltr'>Anti·</span> 
     </span>
     <span class='ocr_line' id='line_1_43' title="bbox 223 5105 1718 5195; baseline 0.005 -26"><span class='ocrx_word' id='word_1_280' title='bbox 223 5105 364 5191; x_wconf 90' lang='lat' dir='ltr'>phonam</span> <span class='ocrx_word' id='word_1_281' title='bbox 385 5109 584 5183; x_wconf 58' lang='lat' dir='ltr'>„armare</span> <span class='ocrx_word' id='word_1_282' title='bbox 600 5118 633 5173; x_wconf 90' lang='lat' dir='ltr'>et</span> <span class='ocrx_word' id='word_1_283' title='bbox 654 5109 826 5195; x_wconf 84' lang='lat' dir='ltr'>subjuncto</span> <span class='ocrx_word' id='word_1_284' title='bbox 848 5110 977 5175; x_wconf 86' lang='lat' dir='ltr'>Psalmo</span> <span class='ocrx_word' id='word_1_285' title='bbox 999 5111 1062 5191; x_wconf 72' lang='lat'>68,</span> <span class='ocrx_word' id='word_1_286' title='bbox 1075 5130 1169 5194; x_wconf 90' lang='lat' dir='ltr'>quem</span> <span class='ocrx_word' id='word_1_287' title='bbox 1193 5105 1374 5193; x_wconf 85' lang='lat' dir='ltr'>Synodales</span> <span class='ocrx_word' id='word_1_288' title='bbox 1395 5132 1469 5174; x_wconf 92' lang='lat' dir='ltr'>cum</span> <span class='ocrx_word' id='word_1_289' title='bbox 1491 5110 1597 5176; x_wconf 90' lang='lat' dir='ltr'>Choro</span> <span class='ocrx_word' id='word_1_290' title='bbox 1624 5110 1718 5176; x_wconf 87' lang='lat' dir='ltr'>alter·</span> 
     </span>
     <span class='ocr_line' id='line_1_44' title="bbox 227 5212 1719 5304; baseline 0.006 -27"><span class='ocrx_word' id='word_1_291' title='bbox 227 5212 336 5278; x_wconf 85' lang='lat' dir='ltr'>nando</span> <span class='ocrx_word' id='word_1_292' title='bbox 368 5214 554 5300; x_wconf 84' lang='lat' dir='ltr'>recitarunt,</span> <span class='ocrx_word' id='word_1_293' title='bbox 588 5217 767 5282; x_wconf 65' lang='lat' dir='ltr'>morandum</span> <span class='ocrx_word' id='word_1_294' title='bbox 801 5217 999 5282; x_wconf 84' lang='lat' dir='ltr'>Pontificalis</span> <span class='ocrx_word' id='word_1_295' title='bbox 1029 5218 1166 5282; x_wconf 85' lang='lat' dir='ltr'>Romani</span> <span class='ocrx_word' id='word_1_296' title='bbox 1197 5219 1294 5304; x_wconf 84' lang='lat' dir='ltr'>ritum</span> <span class='ocrx_word' id='word_1_297' title='bbox 1323 5227 1495 5284; x_wconf 87' lang='lat' dir='ltr'>consuetas</span> <span class='ocrx_word' id='word_1_298' title='bbox 1520 5221 1555 5283; x_wconf 90' lang='lat' dir='ltr'>in</span> <span class='ocrx_word' id='word_1_299' title='bbox 1587 5217 1719 5304; x_wconf 88' lang='lat' dir='ltr'>Synodo</span> 
     </span>
    </p>
   </div>
   <div class='ocr_carea' id='block_1_12' title="bbox 0 0 1990 5956">
    <p class='ocr_par' dir='ltr' id='par_1_27' title="bbox 0 0 1990 5956">
     <span class='ocr_line' id='line_1_45' title="bbox 0 0 1990 5956; baseline 0 0"><span class='ocrx_word' id='word_1_300' title='bbox 0 0 1990 5956; x_wconf 95' lang='lat' dir='ltr'> </span> 
     </span>
    </p>
   </div>
  </div>
 </body>
</html>
