3960 5956
223 312 264 376 62

222 514 448 617 tummodc,
480 516 550 623 qui
581 513 720 596 fecerit
749 523 791 594 et
818 513 1011 615 docuerit,
1043 540 1244 622 magnum
1265 511 1493 620 praedicari
1522 511 1565 592 in
1595 537 1724 621 regno

223 649 441 730 caelorum.
1369 649 1371 653 ’

339 818 456 921 Quae
484 831 531 902 ut
558 850 584 901 a
610 819 905 929 ludimagistris
934 818 987 900 ad
1017 819 1215 901 amussim
1237 816 1517 917 observentur,
1538 828 1723 926 pastores

221 956 452 1036 animarum
492 981 622 1063 aeque
662 984 712 1036 ac
741 954 894 1035 Vicarii
929 953 1084 1046 foranei
1123 963 1165 1033 et
1194 952 1431 1036 scholarum
1466 949 1723 1060 inspectores

220 1087 505 1203 invigilabunt,
536 1097 578 1169 et
607 1089 721 1169 omni
756 1087 920 1169 solertia
948 1097 992 1176 et
1021 1086 1217 1169 charitate
1239 1084 1427 1195 juvando
1457 1085 1541 1165 imo
1572 1094 1613 1166 et
1641 1085 1721 1165 im-

220 1221 425 1329 pediendo
474 1219 764 1330 procurabunt.
830 1220 896 1302 De
933 1222 1151 1329 juventute
1191 1217 1296 1329 bene
1351 1218 1520 1300 meritos
1564 1217 1721 1303 honore

219 1364 261 1433 et
301 1354 484 1462 praemio
524 1354 673 1463 dignos
712 1351 935 1452 habebunt,
984 1352 1201 1448 debiliores
1229 1352 1272 1432 in
1311 1351 1522 1460 implendo
1552 1344 1720 1432 munere

219 1486 398 1569 consiliis
418 1484 684 1596 adjuvabunt,
715 1485 991 1596 negligentius
1022 1494 1192 1594 agentes
1221 1483 1459 1592 impellent3
1490 1485 1526 1568 si
1556 1480 1639 1591 qui
1657 1481 1720 1562 of-

220 1618 314 1700 ficio
344 1645 420 1701 suc
451 1617 609 1717 desunt,
640 1617 869 1700 monebunt
898 1645 968 1700 eos
1017 1618 1149 1698 lenius
1184 1617 1368 1724 primum
1408 1626 1450 1697 et
1478 1614 1575 1697 dein
1602 1642 1721 1698 seve-

63 1744 65 1750 ⁴
219 1752 323 1850 rius,
368 1750 612 1832 inflexibiles
651 1779 769 1850 vere,
809 1740 1051 1858 praeprimis
1090 1748 1186 1830 fidei
1226 1743 1472 1857 morumque
1501 1747 1721 1830 violatores

218 1885 346 1965 missa
375 1880 642 1993 indulgentia,
674 1911 780 1991 quae
809 1910 895 1963 non
925 1910 976 1963 ex
1005 1881 1097 1963 Deo
1128 1891 1200 1981 est,
1241 1880 1463 1991 Episcopis
1502 1879 1719 1962 denuntia-

219 2015 335 2109 bunt.
395 2015 562 2099 Etenim
596 2017 664 2118 ,in
692 2016 1025 2126 ludimagistrum
1061 2012 1297 2096 assumendi
1334 2012 1436 2094 fides
1476 2023 1517 2093 et
1547 2038 1719 2094 conver·

173 2211 176 2218 -
217 2128 334 2253 ᾤ’
352 2149 596 2230 intemerata
625 2149 679 2232 sit
708 2159 880 2258 oportet.
918 2147 1032 2229 Loco
1061 2145 1305 2246 movebitur,
1339 2146 1411 2260 qui
1440 2174 1466 2227 a
1494 2154 1606 2228 recto
1635 2136 1720 2226 tra-

216 2268 317 2365 mite
347 2281 592 2364 deflexerit.“
615 2278 647 2362 1)
687 2281 753 2362 Ne
782 2291 921 2363 autem
952 2279 1212 2361 solummodo
1243 2278 1477 2361 officiorum
1507 2277 1721 2360 videamur

218 2440 307 2496 esse
336 2441 540 2495 memores
571 2424 611 2495 et
641 2414 851 2496 socordiae
881 2410 1076 2512 vindices,
1106 2438 1316 2520 quumque
1336 2413 1548 2520 operarius
1569 2410 1720 2521 dignus

110 2593 115 2605 ·
219 2548 273 2629 sit
311 2546 499 2628 mercede
539 2575 633 2646 sua,
675 2574 839 2646 omnes,
878 2567 1054 2654 quorum
1083 2545 1261 2645 interest,
1302 2546 1407 2655 serio
1436 2545 1649 2626 hortamur
1677 2552 1719 2624 et
1832 2582 1839 2592 r

221 2677 475 2761 obtestamur
494 2678 537 2759 in
559 2677 754 2777 Domine,
785 2689 832 2759 ut
861 2679 1001 2763 debita
1029 2678 1341 2776 ludirectoribus
1367 2680 1581 2790 stipendia,
1612 2705 1718 2788 quae

217 2839 401 2922 congrua
420 2823 463 2892 et
481 2811 655 2893 honesta
675 2812 767 2910 sint,
788 2810 961 2893 libenter
980 2823 1105 2920 atque
1124 2811 1299 2894 fideliter
1312 2813 1496 2913 reddant,
1516 2810 1717 2897 miseriori

216 2970 314 3026 vero
334 2942 515 3053 plurium
545 2942 770 3024 conditioni
801 2970 968 3052 quoquo
998 2945 1124 3026 modo
1155 2955 1361 3064 occurant.

336 3120 580 3207 Gravissimi
614 3151 737 3234 porro
776 3128 976 3208 momenti
1016 3127 1343 3209 efformationem
1382 3129 1566 3236 ipserum
1605 3125 1715 3207 ludi-

217 3259 510 3367 magistrorum
539 3285 753 3340 censemus
790 3258 965 3368 ideoque
1006 3271 1208 3368 optamus,
1248 3270 1295 3340 ut
1333 3259 1598 3341 ludircctores
1636 3258 1717 3368 ipsi

216 3391 456 3499 praesertim
485 3391 567 3471 run'
596 3417 746 3500 pueros
766 3392 810 3474 in
830 3392 982 3474 scholis
1001 3393 1168 3502 ingenio
1191 3391 1375 3474 moribus
1393 3391 1716 3499 necessariisque
1862 3400 1864 3405 “

217 3524 344 3605 animi
384 3522 549 3605 dotibus
588 3515 882 3608 eminentiores
915 3525 970 3606 ad
998 3525 1289 3632 magIstrorum
1320 3552 1482 3620 munus,
1514 3533 1715 3630 quantum

217 3655 306 3739 fieri
333 3658 493 3765 poterit,
523 3684 767 3766 praeparare
796 3668 839 3739 et
866 3657 1075 3740 instituere
1096 3667 1298 3767 satagant.
1359 3654 1476 3756 Quae
1505 3665 1645 3739 autem
1672 3657 1716 3739 iri

215 3790 451 3896 provinciae
481 3790 603 3898 hujus
633 3789 889 3874 dioecesibus
925 3789 1186 3899 paedagogia
1224 3817 1298 3872 seu
1336 3774 1715 3900 ludimagisnomm

216 3921 435 4004 seminaria
473 3923 704 4032 erigamtur:
751 3922 960 4032 Episcopo
1000 3924 1169 4005 omnino
1208 3921 1379 4021 subsint,
1418 3924 1588 4030 ejusque
1617 3949 1716 4007 cura

216 4081 335 4136 suam
364 4054 418 4135 ad
448 4054 657 4138 Ecclesiae
686 4067 866 4138 mentem
897 4056 1102 4164 accipiant
1131 4067 1172 4138 et
1202 4066 1365 4139 servent
1393 4054 1580 4137 formam.
1626 4054 1714 4138 Lu·
1853 4073 1856 4077 ’

217 4184 469 4295 dimagistris
499 4199 638 4269 autem
667 4187 891 4269 erudienda
912 4190 1130 4295 juventute
1152 4191 1245 4296 jam
1275 4188 1513 4297 occupatis(
1527 4214 1610 4295 quo
1639 4215 1713 4297 pe·

219 4319 335 4401 ritius
364 4320 408 4400 in
437 4318 525 4402 dies
565 4329 605 4399 et
633 4318 838 4403 salubrius
866 4348 1036 4402 munere
1056 4348 1131 4403 suo
1151 4319 1378 4418 honorifico
1401 4347 1531 4429 aeque
1551 4348 1602 4403 ac
1624 4347 1714 4405 mc·

217 4450 356 4533 ritorio
399 4451 648 4561 fungantur,
701 4450 895 4560 Synodus
944 4481 1137 4562 praesens
1182 4455 1409 4562 spiritualia
1452 4452 1715 4541 commendat

217 4585 417 4679 exercitia,
448 4584 502 4667 ad
531 4613 638 4694 quae
666 4586 903 4696 peragenda
932 4588 1152 4695 quotannis
1182 4587 1328 4671 diebus
1356 4616 1407 4670 ac
1435 4588 1537 4671 locis
1559 4614 1712 4697 oppor-

92 4724 100 4743 ‘
216 4716 327 4797 tuuis
365 4715 609 4825 praebeatur
648 4720 830 4817 occasi0,
860 4746 943 4827 qua
973 4732 1020 4801 ut
1047 4719 1235 4803 lubentes
1265 4731 1389 4829 atquc
1419 4719 1565 4803 fervidi
1590 4730 1712 4802 utan-

106 4872 111 4877 ·
216 4832 293 4947 tur,
324 4846 377 4929 ab
407 4849 637 4931 animarum
666 4850 899 4959 pastoribus
928 4854 996 4962 pie
1015 4854 1238 4936 invitentur
1267 4863 1308 4935 et
1337 4853 1575 4935 excitentru.
1605 4851 1712 4935 ltem

271 5132 292 5217 ¹)
320 5132 477 5200 Convent
499 5136 556 5200 int
579 5134 666 5200 Sum.
689 5136 806 5202 Pontis.
828 5147 861 5201 ct
881 5139 992 5203 Austr.
1013 5138 1095 5224 Imp.
1117 5137 1219 5204 artic.
1243 5138 1333 5205 VIII.
