3960 5956
1654 283 1711 397 51¹

199 539 270 647 qui
300 566 327 618 a
355 535 526 619 diversis
561 534 642 642 piis
679 530 942 616 societatibus
982 531 1158 657 eduntur
1196 541 1238 613 et
1276 532 1445 642 exiguo
1463 532 1697 614 venduntur

198 669 341 779 preti0,
372 695 611 775 comparare
641 667 843 765 studeant,
874 675 916 746 et
944 664 1251 773 praemonendo
1271 664 1436 772 plebem
1456 693 1577 747 curae
1597 693 1696 747 suae

202 798 467 883 commissam
488 810 632 880 contra
652 809 865 906 suspectos
886 795 1083 878 librorum
1103 798 1424 905 perniciosorum
1439 807 1696 897 mercatores,

198 931 389 1016 fidelibus
418 932 634 1013 nominent
663 930 1034 1036 commendentque
1063 927 1321 1037 bibliopolas,
1352 960 1378 1011 a
1407 929 1557 1038 quibus
1576 957 1696 1037 prae-

200 1076 357 1149 stantes
386 1074 510 1172 atque
541 1062 765 1145 catholicos
795 1062 921 1145 libros
950 1062 1110 1143 facilius
1140 1063 1356 1170 accipiant.
1404 1062 1530 1143 Porro
1561 1063 1697 1144 studia

199 1209 289 1281 turn
328 1197 513 1279 fidelium
552 1207 642 1276 tum
677 1195 936 1278 sacerdotum
967 1192 1237 1294 conferantur,
1274 1204 1320 1275 ut
1348 1195 1391 1274 in
1421 1196 1544 1276 variis
1574 1223 1696 1303 paro·
1809 1212 1814 1216 ’

202 1332 315 1432 chiis,
340 1331 526 1427 ⁵manime
546 1328 804 1443 oppidorum,
835 1325 1109 1407 bibliothecae
1129 1325 1184 1406 ad
1203 1327 1452 1408 mutuandos
1473 1326 1598 1409 libros
1619 1330 1697 1409 eri-

201 1473 373 1574 gantur,
413 1462 523 1543 unde
562 1460 704 1542 fideles
743 1458 921 1573 absque,
939 1459 1121 1567 periculo
1164 1458 1308 1579 salutis
1346 1459 1565 1541 lectionem
1603 1488 1698 1541 vere

201 1595 344 1677 utilem
373 1604 464 1675 tum
494 1592 545 1673 de
575 1592 701 1673 sacris
739 1600 829 1672 tum
860 1591 911 1672 (16
948 1588 1130 1698 profanis
1150 1589 1271 1671 rebus
1302 1601 1342 1672 61
1371 1592 1426 1672 ad
1454 1592 1698 1683 relaxandos

201 1754 368 1836 quoque
407 1725 569 1807 animos
608 1724 675 1804 vel
713 1725 842 1833 gratis
884 1722 950 1804 vel
980 1725 1218 1832 *perexiguo
1239 1724 1379 1831 >pretio
1409 1753 1570 1839 sumere
1599 1752 1698 1832 pos·

203 1861 296 1943 sint
337 1859 392 1940 Et
422 1859 619 1966 quoniam
649 1857 930 1965 ephemerides
960 1857 1201 1965 quotidiano
1231 1884 1307 1938 suo
1338 1858 1584 1939 commercio
1614 1885 1699 1939 una

26 2052 32 2066 .
84 2038 87 2043 -
202 2021 297 2075 cum
326 2020 462 2074 rerum
491 2017 695 2071 novarum
723 1989 878 2070 nuntiis
908 1989 1070 2107 animos
1110 1988 1306 2072 doctrinis
1344 1990 1469 2072 variis
1507 1990 1700 2073 imbuunt

202 2135 244 2208 et
272 2125 391 2233 quasi
419 2122 609 2207 satiando
640 2120 824 2228 implent,
855 2150 1019 2203 summa
1044 2149 1141 2202 cura
1160 2120 1414 2223 adhibeatur,
1444 2131 1492 2204 ut
1510 2123 1700 2204 elimina·

100 2268 103 2273 ’
202 2258 257 2340 tis
285 2256 399 2342 falsis
429 2268 471 2338 et
498 2254 738 2364 perniciosis
767 2252 875 2334 foliis
910 2253 1127 2360 capotius
1164 2251 1393 2337 habeantur
1421 2265 1463 2336 et
1499 2256 1699 2365 legantur,

203 2418 309 2499 quae
337 2380 499 2472 veritati
528 2388 753 2496 pietatique
782 2384 1012 2493 profectum
1041 2395 1200 2497 parant.
1261 2385 1346 2468 Eos
1385 2388 1552 2496 insuper
1589 2388 1700 2470 viros

203 2525 289 2605 sive
318 2519 501 2605 Clericos
539 2519 626 2602 sive
664 2518 812 2617 laicos,
852 2517 924 2625 qui
962 2518 1201 2600 necessariis
1241 2517 1405 2602 dotibus
1444 2519 1614 2627 pollent,
1656 2520 1700 2600 in

203 2655 387 2738 Domino
426 2679 702 2761 provocamus
742 2660 784 2738 et
822 2651 1066 2748 invitamus,
1089 2659 1154 2730 ut
1194 2678 1455 2758 quocmnque
1493 2653 1702 2761 potuerint

204 2786 341 2884 modo,
372 2786 459 2868 sive
488 2782 716 2881 scribend0,
748 2782 834 2863 sive
863 2782 1099 2891 adjuvando
1117 2777 1358 2891 scriptores,
1388 2785 1432 2865 in
1460 2813 1701 2896 propugna-

204 2920 359 3002 tionem
398 2916 494 3000 fidei
534 2926 575 2998 et
613 2944 776 2997 momm
815 2914 1041 2997 honestatis
1080 2917 1187 2999 vires
1225 2916 1478 3024 impendant,
1515 2919 1700 3019 scientes,

206 3054 409 3162 optimum
448 3061 489 3134 et
528 3050 818 3160 dignissimum
844 3031 978 3156 >opus
1006 3075 1095 3130 esse
1135 3050 1312 3130 invictae
1355 3051 1537 3132 veritatis
1581 3078 1701 3159 prac÷

206 3186 383 3267 conium.
444 3183 633 3266 Praelata
663 3182 873 3266 christiani
902 3181 1071 3264 fervoris
1111 3182 1331 3263 conamina
1367 3183 1571 3290 optimum
1600 3211 1701 3266 con·

201 3320 347 3429 juncta
375 3317 554 3426 plurium
594 3316 832 3425 operatione
859 3314 966 3396 ,Deo
1002 3314 1201 3424 largiente
1236 3314 1428 3396 effectum
1462 3316 1702 3435 sortientem
1816 3346 1819 3351 ·

206 3457 456 3557 qrrapropter
484 3448 552 3555 pie
581 3458 775 3555 optamus
804 3457 846 3528 et
879 3446 1079 3528 instantes
1115 3447 1463 3546 commendemus,
1494 3458 1541 3528 ut
1574 3455 1701 3556 pecu.-

205 3581 326 3696 liares
344 3580 457 3662 hunc
475 3581 520 3663 in
548 3579 673 3698 finem
703 3579 941 3661 sodalitates
967 3608 1040 3687 per
1069 3578 1254 3688 singulas
1273 3579 1509 3686 provinciae
1537 3591 1702 3664 nostrae

207 3713 427 3810 dioeceses,
443 3713 663 3821 erigantur.

322 3876 559 3962 Secundum
603 3877 842 3958 continuam
882 3876 1090 3959 Ecclesiae
1133 3875 1358 3959 catholicae
1397 3877 1627 3980 doctrinam
1661 3887 1703 3960 et
1794 3929 1798 3934 -

207 4011 370 4120 praxim
387 4006 419 4088 1)
459 4037 676 4125 monemus
715 4019 757 4090 61
796 4007 966 4091 Clericis
1005 4038 1194 4117 expresse
1233 4012 1498 4121 injungimus,
1511 4068 1514 4072 »
1528 4041 1581 4093 ne
1609 4010 1703 4093 libri

207 4142 259 4225 (16
288 4142 487 4251 religione
517 4153 558 4223 et
596 4140 718 4223 rebus
757 4142 883 4224 sacris
899 4218 903 4227 ,
921 4152 1143 4224 tractantes
1183 4139 1376 4243 edantur,
1416 4145 1496 4226 nisi
1534 4143 1703 4225 obtenta

207 4274 372 4383 praevie
401 4271 567 4355 licentia
596 4273 792 4382 Episcopi
821 4284 894 4356 aut
923 4276 1010 4383 ejus
1040 4275 1228 4384 delegati,
1264 4286 1402 4383 atque*
1418 4276 1538 4383 apud,
1558 4275 1702 4386 Regu-

206 4409 312 4490 lares
342 4407 464 4490 simul
485 4408 713 4516 Superioris
729 4435 882 4504 eorum.
944 4406 1058 4489 Libri
1088 4436 1256 4516 precum
1286 4419 1329 4489 et
1358 4408 1623 4507 canticorum,
1654 4421 1701 4492 ut

207 4568 348 4625 secure
367 4569 393 4621 a
412 4538 602 4622 fidelibus
621 4539 903 4639 adhibeantm,
924 4539 1267 4648 approbationem
1283 4538 1487 4621 Ordinarii
1507 4541 1550 4620 in
1570 4541 1703 4623 fronte

208 4683 365 4784 gerant.
409 4672 525 4753 ldem
555 4672 805 4758 censendum
836 4673 887 4754 de
917 4670 1031 4754 libris
1061 4672 1388 4780 quibuscumque
1418 4672 1556 4754 stricte
1585 4673 1702 4755 litur-

208 4806 312 4916 gicis
339 4831 414 4886 seu
443 4802 668 4904 ritualibus,
698 4831 803 4911 quos
832 4805 911 4885 nisi
941 4805 1136 4912 requisita
1154 4805 1268 4912 prius
1297 4814 1338 4884 61
1367 4804 1596 4913 inscriptis
1626 4806 1703 4889 ob·

259 5047 280 5133 l)
303 5048 432 5112 Deerat.
459 5047 576 5112 Leonis
603 5047 666 5111 PP.
694 5047 736 5111 X.
765 5047 829 5112 dat.
852 5047 882 5111 4.
904 5046 985 5131 Maji
1008 5048 1088 5112 1515
1115 5046 1497 5132 „lntersollicit11dines“
1519 5050 1702 5132 etDecret.

148 5220 152 5226 ,
305 5154 356 5221 Sa.
377 5152 475 5220 Conc.
497 5154 586 5218 Trid.
610 5154 650 5220 de
672 5155 749 5219 edit.
771 5163 803 5218 et
824 5149 886 5219 usu
907 5173 1026 5220 sacror.
1048 5154 1156 5221 libror.
1179 5156 1266 5221 Sese.
1287 5156 1344 5220 lV.
