3960 5956
1648 355 1706 428 117

220 566 503 674 baptizantur,
534 566 652 644 utin
682 565 732 644 iis
762 567 1069 672 regeneratione
1098 565 1329 664 mundetur,
1360 565 1474 673 quod
1502 567 1708 674 generati-

221 727 299 781 one
330 707 631 779 contraxerunt.

342 851 539 935 Monendi
572 863 668 935 sunt
696 854 836 960 itaque
875 882 901 932 a
935 856 1127 960 parochis
1166 866 1376 964 parentes,
1421 867 1468 937 ut
1501 856 1707 965 parvulos,

223 987 533 1096 quamprimum
570 985 657 1067 ficri
685 995 835 1094 potest,
867 985 1075 1068 Ecclesiae
1115 987 1289 1070 offerant
1327 986 1612 1096 baptizandos,
1653 1017 1707 1071 ne

220 1147 364 1202 eorum
393 1118 514 1226 culpa
544 1116 795 1198 amittendae
823 1118 932 1231 vitae
951 1129 1140 1201 aeternae
1169 1119 1351 1228 periculo
1383 1130 1652 1227 exponantur,
1682 1149 1708 1202 a

221 1251 371 1360 quibus
406 1250 460 1332 ad
489 1250 597 1331 hanc
626 1248 936 1357 adipiscendam
965 1251 1204 1360 temporalis
1240 1253 1349 1333 vitae
1379 1251 1594 1333 exordium
1623 1261 1708 1334 tra·
1793 1293 1797 1300 ·

192 1393 377 1465 -rrerunt
439 1381 598 1482 Quodsi
638 1383 782 1464 mortis
818 1382 1044 1489 periculum
1084 1383 1307 1483 immineat,
1344 1385 1484 1466 statim
1520 1385 1644 1464 etiam
1683 1410 1710 1464 a

220 1515 326 1597 laico
346 1514 547 1622 baptizari
567 1523 770 1622 poterunt,
793 1542 918 1622 quare
938 1516 1177 1623 praesertim
1197 1515 1448 1615 obstetrices,
1479 1541 1586 1623 quae
1605 1513 1717 1615 illud

221 1657 453 1757 opportune
482 1646 725 1755 dignoscere
755 1656 941 1754 possunt,
976 1674 1002 1727 a
1031 1647 1222 1755 parochis
1237 1642 1470 1756 diligenter
1499 1648 1706 1729 instruan-

146 1820 148 1825 *
220 1791 286 1862 tur
316 1778 368 1863 de
397 1778 605 1888 baptismo
635 1780 678 1859 in
707 1779 781 1861 tali
809 1780 1064 1862 necessitatis
1094 1808 1193 1862 casu
1220 1778 1558 1862 administrando.
1591 1778 1635 1863 Si
1665 1781 1708 1862 in

220 1912 364 1995 mortis
384 1912 566 2020 periculo
594 1911 793 2019 baptizati
813 1912 1122 2018 supervixerint,
1143 1911 1378 1995 deferantur
1407 1910 1461 1993 ad
1481 1896 1708 2012 ecclesiam,

221 2054 268 2127 ut
305 2072 446 2127 sacrae
482 2045 764 2127 caeremoniae
794 2046 1076 2154 suppleantur,
1118 2074 1213 2126 cum
1251 2042 1485 2154 baptismus
1524 2046 1568 2125 in
1608 2072 1707 2126 casu

219 2177 474 2259 necessitatis
494 2178 619 2258 etiam
649 2205 674 2256 a
694 2177 908 2260 sacerdote
937 2180 979 2259 in
1008 2177 1316 2285 domoprivata
1335 2176 1521 2277 collatae,
1551 2174 1709 2284 absque

219 2310 345 2393 sacris
364 2307 519 2409 ritibus,
551 2311 621 2418 qui
651 2310 872 2391 essentiam
902 2320 1018 2394 acuis
1043 2309 1336 2392 solemniorem
1366 2320 1408 2391 et
1427 2309 1709 2418 augustiorem

220 2439 408 2542 reddunt,
438 2441 734 2524 ministrandus
763 2443 828 2523 sit.
881 2531 885 2545 ,

335 2599 537 2706 Baptismi
566 2597 804 2679 conferendi
842 2599 958 2681 locus
990 2602 1180 2708 proprius
1219 2615 1283 2685 est
1312 2598 1486 2682 ecclesia
1515 2598 1709 2708 parochi·

219 2733 305 2831 alis,
336 2731 546 2839 adquam
576 2741 622 2812 ut
651 2732 812 2839 parvuli
833 2733 1076 2833 deferantur,
1108 2732 1280 2816 sollicite
1311 2729 1472 2813 curabit
1491 2732 1707 2839 parochus,
1811 2829 1813 2833 y

219 2891 296 2945 nec
325 2863 513 2972 patietur,
554 2874 601 2944 ut
630 2875 821 2972 parentes
859 2864 913 2946 ab
953 2865 1033 2947 hac
1062 2863 1264 2947 canonica
1301 2863 1446 2972 regula
1476 2864 1706 2964 deflectant,
1838 2874 1849 2887 ‘

219 2995 544 3105 persuadeatque
573 2997 634 3096 iis,
666 3007 920 3105 quantopere
941 2997 1095 3098 deceat,
1131 2995 1177 3078 ut
1205 2999 1249 3078 in
1278 2997 1404 3079 domo
1435 2995 1515 3077 Dei
1544 3008 1586 3077 et
1616 2995 1709 3079 Sal·

218 3131 372 3211 vatoris
402 3130 531 3211 nostri
561 3131 882 3237 regenerationis
903 3131 1210 3229 ,illuminatione
1240 3112 1446 3212 doneirtur
1485 3129 1568 3228 filii,
1600 3156 1706 3236 quo-

218 3289 310 3342 rum
331 3271 473 3359 mater,
505 3271 551 3342 ut
580 3289 651 3343 eos
681 3263 725 3342 in
744 3261 867 3371 hujus
882 3262 992 3343 exilii
1012 3262 1148 3343 lucem
1168 3263 1275 3361 edat,
1306 3263 1517 3370 propriam
1537 3262 1708 3342 domum

218 3393 399 3475 studiose
439 3394 617 3501 requirit.
679 3393 891 3493 Dolemus,
932 3393 1125 3474 diutumo
1171 3422 1249 3475 usu
1289 3393 1512 3476 invaluisse
1550 3421 1709 3475 morem

218 3524 532 3608 administrandi
550 3522 804 3632 baptismum
824 3524 1049 3608 infantibus
1079 3525 1134 3607 ad
1155 3553 1298 3633 preces
1319 3536 1537 3634 parentum
1557 3526 1600 3606 in
1630 3504 1729 3606 do·¹

218 3656 364 3741 mibus
383 3658 566 3766 privatis,
597 3684 733 3764 quern,
763 3657 896 3740 sicubi
909 3657 1000 3739 tolli
1026 3658 1197 3738 omnino
1227 3685 1313 3740 non
1343 3659 1487 3766 possit,
1517 3656 1572 3738 ad
1600 3666 1707 3761 tem·

109 3841 117 3857 ·
215 3790 785 3898 pusqmdem-tolermidmn
806 3778 1099 3891 existimamus,
1130 3770 1203 3873 sed
1219 3766 1412 3872 'danlae‘
1432 3790 1569 3898 praeci
1602 3789 1611 3806 ⁰
1853 3856 1869 3865 ..

218 3885 1277 4043 paro‘cfflffinsf’ientippfflne
1344 3923 1799 4041 Qqqupzllbiessm
1894 3902 1915 3911 '¹

184 4008 947 4154 millam
977 4036 1249 4136 commruiem'
1258 4036 1366 4136 Ἤδη
1405 4053 1502 4135 fecit
1531 4051 1705 4156 abusus;

217 4186 289 4271 ubi
318 4215 416 4269 vero
446 4187 669 4269 effeminati
698 4189 789 4270 aevi
818 4188 993 4271 mollitia
1027 4217 1187 4271 morem
1216 4187 1374 4270 effinxit
1402 4215 1588 4298 pravum.
1629 4214 1705 4268 suo

217 4320 353 4402 studio
383 4330 425 4402 et
454 4318 652 4428 exemplis
680 4320 845 4429 piorum
865 4321 1162 4404 catholicorum
1185 4321 1431 4428 quantocius
1460 4319 1515 4401 ad
1545 4329 1703 4400 rectum

218 4464 411 4562 satagant
440 4478 634 4534 revocare
664 4454 883 4535 tramitem.
1288 4561 1295 4575 ·

332 4602 381 4683 ln
411 4601 538 4683 domo
568 4600 803 4710 parochiali,
842 4611 916 4682 aut
951 4603 995 4682 in
1025 4601 1221 4684 ecelesiae
1260 4600 1444 4709 sacristia
1481 4600 1702 4708 baptizare,
1851 4666 1854 4671 .

215 4762 383 4842 prorsus
411 4735 584 4816 vetitum
615 4744 687 4833 est,
722 4762 799 4815 nec
828 4735 993 4817 tolerari
1022 4743 1168 4841 potest,
1200 4733 1448 4842 ubicumque
1477 4733 1571 4815 talis
1600 4730 1712 4814 abu-1

217 4895 287 4950 sus
316 4867 541 4977 irrepserit3
573 4868 608 4948 si
636 4895 786 4977 graves
815 4878 857 4949 et
886 4865 1084 4975 probatae
1114 4893 1262 4949 causae
1290 4866 1470 4976 exigant,
1500 4876 1546 4947 ut
1574 4864 1706 4948 sacel-

216 5000 303 5082 lum
333 5010 406 5082 aut
436 4998 659 5082 oratorium
689 5001 897 5108 privatum
934 5009 1007 5082 aut
1035 5007 1316 5109 opportunum
1355 5000 1399 5080 in
1429 4997 1600 5081 aedibus
1629 5027 1706 5107 pa-

218 5131 468 5218 rochialibus
498 5131 694 5215 conclave
723 5133 821 5218 huic
849 5160 968 5216 sacro
999 5132 1092 5225 usui
1121 5131 1345 5215 dicandum
1375 5132 1571 5219 ecclesiae
1599 5128 1705 5241 bap·
