3960 5956
1475 416 1480 424 .
1587 375 1697 441 XLIX

300 573 404 641 Aeol.
437 577 676 662 Augustissimo
709 577 899 662 Imperatori
932 586 965 641 et
996 577 1079 662 Regi
1111 578 1219 642 riostm
1253 578 1431 643 Franciscc
1462 577 1610 660 Josepbo,
1644 578 1697 663 pio

202 684 370 748 Ecclesiae
396 683 574 749 catholicae
596 684 679 749 Filio
701 694 734 748 ct
755 685 923 750 Advocato
946 687 1159 766 meritissimo,
1180 675 1334 772 'Principi
1356 686 1541 772 apostolico,
1562 683 1697 771 provide

203 790 352 874 sollicito,
379 799 415 853 ut
441 790 538 874 fides,
568 794 672 877 pietas
699 801 732 856 et
758 795 860 856 omnis
887 795 967 857 recti
994 794 1183 879 honestique
1210 795 1304 876 vigor
1331 795 1365 856 in
1386 795 1537 858 Austriae
1560 793 1699 878 Imperio

202 907 409 962 conservetur
430 908 463 962 et
484 909 649 984 augescat,
671 921 738 986 pax
759 900 942 984 aDomino,
966 900 1116 964 diuturna
1137 899 1348 984 incolumitas,
1371 903 1525 966 memoria
1546 904 1580 964 in
1601 899 1698 964 bene-

203 1004 362 1070 dictione!

295 1153 425 1241 Resp.
458 1157 536 1220 Pac
562 1180 584 1221 a
610 1156 770 1231 Domino,
805 1157 964 1220 diuturna
981 1156 1210 1244 ,incolumitas
1241 1161 1395 1220 manoria
1415 1160 1451 1220 ia
1471 1161 1703 1222 benedictione!

202 1261 337 1325 Salvum
358 1265 418 1345 fac
443 1265 585 1329 Domina
606 1266 839 1348 Imperatorem
861 1287 899 1328 cc
920 1267 1042 1348 Reqem
1063 1275 1219 1339 nostram,
1247 1274 1277 1327 et
1298 1268 1505 1329 abvomnibns
1528 1275 1615 1329 tuere
1636 1265 1699 1327 ad-
1773 1286 1775 1291 ·

201 1372 320 1432 casn:
352 1380 510 1452 qnatenus
542 1382 572 1436 et
604 1372 834 1435 ecclenasticae
861 1376 955 1455 pacis
988 1375 1127 1436 obtineat
1149 1371 1430 1454 tranquillitatem,
1453 1381 1579 1455 etpost
1600 1374 1698 1454 bajas

201 1480 354 1560 temporis
376 1478 545 1544 decursam
566 1481 612 1543 ad
632 1490 797 1555 aetenam
815 1482 985 1563 permaniat
1006 1481 1260 1543 haereditatem!

296 1611 405 1677 Accl.
448 1614 709 1681 Eminentissimo
742 1615 909 1680 Ecclesiae
953 1617 1127 1700 Pragensis
1160 1615 1413 1702 Archiepiscopo
1435 1622 1468 1677 et
1513 1613 1699 1698 provinciae

200 1719 423 1806 Metropolitae
443 1724 622 1798 Μενίου,
645 1722 677 1788 S.
700 1723 738 1786 B„
760 1723 798 1787 E.
821 1714 996 1807 Cardinnli,
1019 1722 1226 1791 solertissimo
1248 1724 1407 1803 Antistiti,
1442 1721 1530 1785 fideli
1561 1721 1698 1801 Pastori,

200 1829 245 1912 pii
266 1829 402 1892 Amasti
423 1828 610 1894 Successori
631 1817 865 1915 providissimo,
888 1834 983 1922 primi
1004 1841 1077 1917 post
1110 1831 1240 1894 saecula
1265 1829 1472 1916 provincialis
1495 1829 1591 1913 hujus
1613 1828 1696 1892 Con·

200 1934 265 1998 cilii
292 1936 427 2000 Auctori
454 1946 487 2000 et
508 1937 646 2021 Rectori,
670 1960 765 2025 quem
792 1939 913 2003 ordinis
941 1948 975 2002 et
1001 1941 1167 2023 regiminis
1194 1940 1365 2022 synodalis
1385 1941 1420 2001 in
1440 1938 1503 2002 hac
1532 1937 1699 2021 provincia

199 2033 427 2109 Restitutorem
457 2055 551 2130 grata
582 2046 681 2111 corda
713 2046 902 2133 praedicant
933 2056 966 2110 et
997 2045 1233 2133 praedicabunt
1263 2049 1297 2110 in
1319 2047 1451 2128 aerum,
1485 2030 1641 2129 gaudium
1662 2044 1697 2104 in

200 2173 296 2237 pace,
330 2155 527 2238 prosperitas
559 2153 602 2216 ad
633 2153 750 2218 multos
782 2174 893 2234 annos,
926 2174 999 2216 cum
1035 2151 1142 2216 multis
1165 2155 1257 2216 annis
1279 2173 1417 2236 magnae
1439 2153 1578 2236 gratiae,
1612 2149 1699 2233 grati

200 2280 329 2344 greges,
352 2269 447 2345 grata
468 2263 655 2346 posteritas!
676 2299 718 2308 —

299 2416 412 2501 Resp.
437 2405 613 2481 ¹(laudium
634 2438 704 2481 cnm
723 2439 812 2501 pace,
823 2421 1030 2502 prosperitas
1049 2417 1097 2481 'ad
1117 2419 1235 2481 inultos
1257 2438 1371 2490 annos,
1386 2437 1456 2479 mm
1470 2413 1581 2476 maltis
1600 2415 1697 2476 annis

199 2544 338 2606 maynae
358 2527 496 2606 gratiae,
517 2526 608 2608 prati
628 2545 750 2608 crepes,
771 2535 870 2608 prata
886 2528 1086 2609 posteritas!
1104 2527 1294 2608 Propitiare
1315 2525 1465 2597 Domine,
1488 2520 1696 2603 snpplicatio-

200 2632 295 2694 nibus
316 2633 448 2706 nostris,
471 2641 501 2695 et
521 2632 677 2695 inclinato
704 2655 802 2715 saper
828 2634 1033 2698 Fridericnm
1060 2634 1304 2717 Metropolitam
1331 2642 1478 2695 nostmsm
1500 2650 1599 2692 cornu
1620 2649 1695 2711 pra-
1739 2612 1748 2624 ”

208 2738 273 2800 tiae
293 2738 515 2813 sacedotalis,
548 2740 775 2803 benedictionis
808 2738 898 2803 Pace
918 2742 955 2803 in
976 2742 1065 2805 Εηιπι
1086 2742 1212 2824 effunde
1232 2742 1400 2803 virtatem!

300 2893 403 2958 Accl.
440 2893 731 2959 Reverendissimis
753 2864 935 2983 Episcopis,¹
958 2894 1081 2982 Synodi
1104 2892 1200 2981 hujus
1216 2895 1376 2977 Patribus,
1399 2896 1528 2980 pietatis
1550 2902 1583 2956 et
1603 2891 1692 2955 labo-

198 3003 242 3064 ris
264 3022 388 3065 merces
411 3005 551 3088 eopiosa,
573 3002 653 3067 felix
674 3003 717 3087 sd
738 3025 856 3089 greges
878 3005 1011 3084 reditus,
1034 3013 1067 3067 et
1088 3012 1220 3068 aeterna
1241 3005 1363 3089 gaudia
1384 3002 1568 3066 Pastorum!
1589 3038 1631 3046 —

294 3157 409 3243 Resp.
443 3159 567 3222 Merces
590 3162 728 3242 copiosa,
743 3160 831 3245 selis
852 3162 897 3223 ad
916 3182 1028 3244 crepes
1049 3163 1184 3236 reditas,
1212 3171 1241 3225 et
1262 3154 1396 3224 aeterna
1422 3133 1547 3243 paedia
1572 3160 1694 3221 Pasto-

197 3269 291 3327 rum!
309 3265 370 3328 Da
391 3267 447 3340 eis,
469 3287 663 3348 quaesumus
677 3267 828 3342 Domine,
850 3271 941 3330 cabo
963 3270 1165 3350 eusampio,
1194 3271 1308 3351 anim
1326 3276 1497 3350 praesunt
1516 3269 1690 3349 proficere:

199 3381 235 3435 a
256 3373 301 3434 ad
321 3374 421 3437 citam
441 3394 510 3436 ana
531 3394 601 3436 cam
621 3375 772 3456 crepitus
792 3376 855 3438 sibi
883 3376 1072 3439 concreditis
1089 3378 1282 3458 paceniant
1303 3376 1550 3469 sempiternam!

296 3503 401 3568 Accl.
434 3502 593 3569 Omnibus
615 3512 648 3567 et
669 3503 879 3588 singulishic
901 3502 1125 3591 praesentibus
1148 3507 1225 3568 viris
1239 3486 1492 3587 ecclesiasticis,
1516 3502 1693 3583 *venerabi-

198 3608 283 3674 libus
299 3619 333 3674 et
343 3611 486 3696 providis
498 3610 630 3674 Petrum
642 3609 904 3696 cooperatoribus
917 3611 1015 3695 salus,
1031 3610 1213 3676 benedictio
1229 3621 1261 3675 et
1275 3612 1441 3677 retributio
1453 3634 1473 3676 a
1488 3611 1641 3675 Domino!
1653 3646 1694 3656 —

295 3767 505 3850 Metropolim
525 3767 614 3831 solers
635 3767 816 3849 respondet,
838 3769 963 3831 ducas:

296 3921 483 3988 Benedictio
517 3925 580 3989 Dei
614 3931 854 4015 omnipotentis,
887 3930 993 3994 Patris
1026 3938 1059 3993 et
1079 3930 1152 3994 Filii
1174 3938 1208 3995 et
1228 3929 1367 4016 Spiritus
1390 3933 1492 3994 sancti
1515 3902 1713 3997 descendat*
1744 3964 1747 3969 ·

197 4052 296 4116 super
316 4032 383 4114 ros,
406 4041 441 4134 ut
464 4035 533 4098 sitis
555 4033 718 4100 benedicti
739 4039 772 4102 in
794 4038 905 4103 ordine
928 4038 1129 4121 sacerdotali,
1157 4046 1189 4102 et
1209 4038 1348 4103 fructum
1371 4037 1528 4121 habeatis,
1551 4047 1584 4102 et
1606 4039 1688 4102 fruc-

195 4145 252 4200 tus
275 4148 383 4203 vester
402 4150 533 4204 maneat
554 4143 587 4205 in
610 4147 793 4208 aeternum!

299 4272 415 4336 Omnes
436 4275 649 4356 respondent:
670 4276 786 4340 Amen.

293 4402 398 4466 Accl.
431 4403 617 4470 Venerabili
643 4404 737 4470 (llere
759 4406 856 4492 hujus
883 4410 1023 4473 civitatis
1044 4417 1077 4472 et
1102 4412 1199 4473 totius
1221 4413 1406 4495 provinciae
1437 4413 1552 4475 messis
1580 4410 1690 4492 multa,

193 4507 274 4572 felix
297 4517 330 4573 et
350 4509 465 4593 fausta,
489 4519 521 4602 et
541 4514 613 4597 ipse
634 4510 726 4575 Deus
748 4534 874 4579 merces
896 4537 1014 4599 magna
1036 4517 1151 4580 nimis!

294 4665 408 4755 Resp.
452 4669 572 4734 Messis
608 4669 731 4763 malta,
760 4671 848 4754 felir
885 4680 915 4735 et
943 4674 1084 4755 sanata,
1129 4685 1158 4738 et
1190 4678 1259 4757 ipse
1295 4675 1389 4738 Dens
1421 4697 1538 4738 merses
1570 4697 1691 4758 mapna

199 4774 321 4836 nimis!
338 4811 380 4820 -

294 4930 505 5014 Metropolim
525 4942 555 4997 et
575 4915 697 4998 Patres
712 4944 965 5017 prosequantur,
989 4935 1064 4999 alta
1081 4957 1151 5000 noce
1172 4938 1329 5002 dicentes:

268 5066 484 5170 ‘Praetenda
507 5110 703 5174 quaesumus
726 5090 875 5173 Domine,
909 5114 1006 5178 super
1037 5092 1172 5157 famulos
1205 5103 1286 5176 tuos,
1320 5117 1401 5180 quos
1433 5095 1526 5161 nobis
1560 5096 1691 5166 Ordinis

209 5195 310 5259 nosci
332 5192 450 5260 dedisti
492 5205 736 5286 cooperatores,
759 5196 913 5287 Spiritum
935 5203 1059 5288 gratiae
1081 5199 1248 5287 salutarim
1271 5211 1303 5266 et
1334 5213 1370 5267 ut
1389 5207 1424 5267 in
1455 5208 1589 5268 veritate
1621 5204 1695 5269 Tibi

378 5304 386 5331 Ι

1446 5304 1466 5373 4
