<?xml version="1.0" encoding="UTF-8"?>
<!DOCTYPE html PUBLIC "-//W3C//DTD XHTML 1.0 Transitional//EN"
    "http://www.w3.org/TR/xhtml1/DTD/xhtml1-transitional.dtd">
<html xmlns="http://www.w3.org/1999/xhtml" xml:lang="en" lang="en">
 <head>
  <title>
</title>
<meta http-equiv="Content-Type" content="text/html;charset=utf-8" />
  <meta name='ocr-system' content='tesseract 3.04.00' />
  <meta name='ocr-capabilities' content='ocr_page ocr_carea ocr_par ocr_line ocrx_word'/>
</head>
<body>
  <div class='ocr_page' id='page_1' title='image "actaetdecretaco00schwgoog_0142.png"; bbox 0 0 3960 5956; ppageno 0'>
   <div class='ocr_carea' id='block_1_1' title="bbox 1675 342 1785 408">
    <p class='ocr_par' dir='ltr' id='par_1_1' title="bbox 1675 342 1785 408">
     <span class='ocr_line' id='line_1_1' title="bbox 1675 342 1785 408; baseline 0 0"><span class='ocrx_word' id='word_1_1' title='bbox 1675 342 1785 408; x_wconf 81' lang='lat'>75.</span> 
     </span>
    </p>
   </div>
   <div class='ocr_carea' id='block_1_2' title="bbox 133 521 1713 1842">
    <p class='ocr_par' dir='ltr' id='par_1_2' title="bbox 223 521 1713 786">
     <span class='ocr_line' id='line_1_2' title="bbox 223 521 1713 654; baseline 0.001 -29"><span class='ocrx_word' id='word_1_2' title='bbox 223 553 363 643; x_wconf 91' lang='lat' dir='ltr'>antur,</span> <span class='ocrx_word' id='word_1_3' title='bbox 394 553 484 624; x_wconf 91' lang='lat' dir='ltr'>tum</span> <span class='ocrx_word' id='word_1_4' title='bbox 514 522 653 652; x_wconf 88' lang='lat' dir='ltr'>quoad</span> <span class='ocrx_word' id='word_1_5' title='bbox 681 543 800 642; x_wconf 89' lang='lat' dir='ltr'>ritus,</span> <span class='ocrx_word' id='word_1_6' title='bbox 830 552 920 625; x_wconf 91' lang='lat' dir='ltr'>tum</span> <span class='ocrx_word' id='word_1_7' title='bbox 946 521 1085 652; x_wconf 84' lang='lat' dir='ltr'>quoad</span> <span class='ocrx_word' id='word_1_8' title='bbox 1105 555 1293 645; x_wconf 86' lang='lat' dir='ltr'>cantum,</span> <span class='ocrx_word' id='word_1_9' title='bbox 1324 545 1529 654; x_wconf 80' lang='lat' dir='ltr'>praesenti</span> <span class='ocrx_word' id='word_1_10' title='bbox 1549 542 1713 626; x_wconf 89' lang='lat' dir='ltr'>decreto</span> 
     </span>
     <span class='ocr_line' id='line_1_3' title="bbox 223 674 1018 786; baseline 0.001 -28"><span class='ocrx_word' id='word_1_11' title='bbox 223 674 443 758; x_wconf 86' lang='lat' dir='ltr'>demedio</span> <span class='ocrx_word' id='word_1_12' title='bbox 473 675 657 757; x_wconf 90' lang='lat' dir='ltr'>tollimus</span> <span class='ocrx_word' id='word_1_13' title='bbox 687 685 728 757; x_wconf 90' lang='lat' dir='ltr'>et</span> <span class='ocrx_word' id='word_1_14' title='bbox 757 674 1018 786; x_wconf 90' lang='lat' dir='ltr'>abrogamus.</span> 
     </span>
    </p>

    <p class='ocr_par' dir='ltr' id='par_1_3' title="bbox 133 796 1713 1842">
     <span class='ocr_line' id='line_1_4' title="bbox 238 796 1711 920; baseline 0.001 -33"><span class='ocrx_word' id='word_1_15' title='bbox 238 883 241 886; x_wconf 83' lang='grc'><strong>,</strong></span> <span class='ocrx_word' id='word_1_16' title='bbox 337 805 401 888; x_wconf 91' lang='lat' dir='ltr'>Ne</span> <span class='ocrx_word' id='word_1_17' title='bbox 431 808 531 920; x_wconf 88' lang='lat' dir='ltr'>quid</span> <span class='ocrx_word' id='word_1_18' title='bbox 560 818 699 888; x_wconf 87' lang='lat' dir='ltr'>autem</span> <span class='ocrx_word' id='word_1_19' title='bbox 721 810 765 889; x_wconf 93' lang='lat' dir='ltr'>in</span> <span class='ocrx_word' id='word_1_20' title='bbox 778 802 901 890; x_wconf 72' lang='lat' dir='ltr'>&#39;tanto</span> <span class='ocrx_word' id='word_1_21' title='bbox 921 811 1118 919; x_wconf 87' lang='lat' dir='ltr'>mysterio</span> <span class='ocrx_word' id='word_1_22' title='bbox 1138 807 1382 890; x_wconf 89' lang='lat' dir='ltr'>celebrando</span> <span class='ocrx_word' id='word_1_23' title='bbox 1412 796 1711 917; x_wconf 51' lang='lat' dir='ltr'>per&#39;incuriam</span> 
     </span>
     <span class='ocr_line' id='line_1_5' title="bbox 223 939 1711 1050; baseline 0 -29"><span class='ocrx_word' id='word_1_24' title='bbox 223 939 289 1021; x_wconf 90' lang='lat' dir='ltr'>vel</span> <span class='ocrx_word' id='word_1_25' title='bbox 318 941 598 1049; x_wconf 87' lang='lat' dir='ltr'>ignorantiam</span> <span class='ocrx_word' id='word_1_26' title='bbox 628 940 878 1041; x_wconf 74' lang='lat' dir='ltr'>admittatur,</span> <span class='ocrx_word' id='word_1_27' title='bbox 910 944 1023 1050; x_wconf 92' lang='lat' dir='ltr'>quod</span> <span class='ocrx_word' id='word_1_28' title='bbox 1053 943 1180 1024; x_wconf 90' lang='lat' dir='ltr'>cultui</span> <span class='ocrx_word' id='word_1_29' title='bbox 1196 941 1282 1031; x_wconf 71' lang='lat' dir='ltr'>‘Dei</span> <span class='ocrx_word' id='word_1_30' title='bbox 1311 941 1606 1023; x_wconf 89' lang='lat' dir='ltr'>contumeliam</span> <span class='ocrx_word' id='word_1_31' title='bbox 1636 939 1711 1021; x_wconf 88' lang='lat' dir='ltr'>ad-</span> 
     </span>
     <span class='ocr_line' id='line_1_6' title="bbox 223 1053 1712 1183; baseline 0 -30"><span class='ocrx_word' id='word_1_32' title='bbox 223 1072 325 1153; x_wconf 88' lang='lat' dir='ltr'>ferre</span> <span class='ocrx_word' id='word_1_33' title='bbox 354 1053 495 1180; x_wconf 88' lang='lat' dir='ltr'>possit,</span> <span class='ocrx_word' id='word_1_34' title='bbox 527 1100 671 1154; x_wconf 88' lang='lat' dir='ltr'>onmes</span> <span class='ocrx_word' id='word_1_35' title='bbox 701 1073 932 1155; x_wconf 80' lang='lat' dir='ltr'>sacerdotes</span> <span class='ocrx_word' id='word_1_36' title='bbox 970 1084 1138 1183; x_wconf 85' lang='lat' dir='ltr'>patemo</span> <span class='ocrx_word' id='word_1_37' title='bbox 1177 1101 1406 1172; x_wconf 90' lang='lat' dir='ltr'>monemus,</span> <span class='ocrx_word' id='word_1_38' title='bbox 1446 1084 1493 1154; x_wconf 91' lang='lat' dir='ltr'>ut</span> <span class='ocrx_word' id='word_1_39' title='bbox 1530 1072 1712 1155; x_wconf 83' lang='lat' dir='ltr'>rubricas</span> 
     </span>
     <span class='ocr_line' id='line_1_7' title="bbox 223 1203 1713 1314; baseline -0.001 -29"><span class='ocrx_word' id='word_1_40' title='bbox 223 1203 402 1286; x_wconf 80' lang='lat' dir='ltr'>Missalis</span> <span class='ocrx_word' id='word_1_41' title='bbox 432 1204 577 1286; x_wconf 88' lang='lat' dir='ltr'>saltem</span> <span class='ocrx_word' id='word_1_42' title='bbox 608 1204 734 1286; x_wconf 92' lang='lat' dir='ltr'>semel</span> <span class='ocrx_word' id='word_1_43' title='bbox 764 1221 1021 1313; x_wconf 85' lang='lat' dir='ltr'>perannum</span> <span class='ocrx_word' id='word_1_44' title='bbox 1052 1234 1147 1287; x_wconf 91' lang='lat' dir='ltr'>cum</span> <span class='ocrx_word' id='word_1_45' title='bbox 1176 1206 1377 1287; x_wconf 86' lang='lat' dir='ltr'>industria</span> <span class='ocrx_word' id='word_1_46' title='bbox 1400 1205 1626 1314; x_wconf 89' lang='lat' dir='ltr'>perlegant,</span> <span class='ocrx_word' id='word_1_47' title='bbox 1657 1204 1713 1285; x_wconf 93' lang='lat' dir='ltr'>si-</span> 
     </span>
     <span class='ocr_line' id='line_1_8' title="bbox 224 1325 1712 1447; baseline -0.001 -31"><span class='ocrx_word' id='word_1_48' title='bbox 224 1325 393 1444; x_wconf 91' lang='lat' dir='ltr'>mulque</span> <span class='ocrx_word' id='word_1_49' title='bbox 423 1335 586 1418; x_wconf 89' lang='lat' dir='ltr'>decreta</span> <span class='ocrx_word' id='word_1_50' title='bbox 615 1365 689 1444; x_wconf 91' lang='lat' dir='ltr'>per</span> <span class='ocrx_word' id='word_1_51' title='bbox 719 1333 937 1418; x_wconf 87' lang='lat' dir='ltr'>Sacrorum</span> <span class='ocrx_word' id='word_1_52' title='bbox 967 1337 1140 1420; x_wconf 89' lang='lat' dir='ltr'>Rituum</span> <span class='ocrx_word' id='word_1_53' title='bbox 1166 1333 1544 1447; x_wconf 82' lang='lat' dir='ltr'>Congregatio&#39;nem</span> <span class='ocrx_word' id='word_1_54' title='bbox 1573 1334 1712 1443; x_wconf 89' lang='lat' dir='ltr'>publi-</span> 
     </span>
     <span class='ocr_line' id='line_1_9' title="bbox 164 1465 1712 1578; baseline -0.001 -29"><span class='ocrx_word' id='word_1_55' title='bbox 164 1565 168 1571; x_wconf 27' lang='grc'>,</span> <span class='ocrx_word' id='word_1_56' title='bbox 226 1478 319 1549; x_wconf 88' lang='lat' dir='ltr'>cata</span> <span class='ocrx_word' id='word_1_57' title='bbox 348 1466 403 1549; x_wconf 88' lang='lat' dir='ltr'>ad</span> <span class='ocrx_word' id='word_1_58' title='bbox 422 1468 620 1551; x_wconf 90' lang='lat' dir='ltr'>amussim</span> <span class='ocrx_word' id='word_1_59' title='bbox 641 1468 860 1567; x_wconf 83' lang='lat' dir='ltr'>observent</span> <span class='ocrx_word' id='word_1_60' title='bbox 880 1480 921 1551; x_wconf 88' lang='lat' dir='ltr'>et</span> <span class='ocrx_word' id='word_1_61' title='bbox 939 1470 993 1553; x_wconf 93' lang='lat' dir='ltr'>ab</span> <span class='ocrx_word' id='word_1_62' title='bbox 1013 1486 1156 1552; x_wconf 89' lang='lat' dir='ltr'>eorum</span> <span class='ocrx_word' id='word_1_63' title='bbox 1176 1465 1437 1578; x_wconf 85' lang='lat' dir='ltr'>praescriptis</span> <span class='ocrx_word' id='word_1_64' title='bbox 1457 1469 1571 1567; x_wconf 87' lang='lat' dir='ltr'>nullo</span> <span class='ocrx_word' id='word_1_65' title='bbox 1593 1494 1712 1575; x_wconf 89' lang='lat' dir='ltr'>prae·</span> 
     </span>
     <span class='ocr_line' id='line_1_10' title="bbox 133 1597 1712 1710; baseline -0.001 -30"><span class='ocrx_word' id='word_1_66' title='bbox 133 1662 137 1668; x_wconf 82' lang='lat'><em>.</em></span> <span class='ocrx_word' id='word_1_67' title='bbox 223 1610 338 1682; x_wconf 88' lang='lat' dir='ltr'>textu</span> <span class='ocrx_word' id='word_1_68' title='bbox 368 1600 577 1682; x_wconf 87' lang='lat' dir='ltr'>discedere</span> <span class='ocrx_word' id='word_1_69' title='bbox 606 1599 796 1681; x_wconf 86' lang='lat' dir='ltr'>audeant.</span> <span class='ocrx_word' id='word_1_70' title='bbox 856 1600 915 1682; x_wconf 91' lang='lat' dir='ltr'>Ut</span> <span class='ocrx_word' id='word_1_71' title='bbox 944 1603 1169 1683; x_wconf 86' lang='lat' dir='ltr'>recentiora</span> <span class='ocrx_word' id='word_1_72' title='bbox 1208 1601 1378 1710; x_wconf 88' lang='lat' dir='ltr'>hujusce</span> <span class='ocrx_word' id='word_1_73' title='bbox 1418 1599 1567 1684; x_wconf 83' lang='lat' dir='ltr'>Sacrae</span> <span class='ocrx_word' id='word_1_74' title='bbox 1597 1597 1712 1683; x_wconf 84' lang='lat' dir='ltr'>Cou-</span> 
     </span>
     <span class='ocr_line' id='line_1_11' title="bbox 225 1720 1712 1842; baseline -0.001 -29"><span class='ocrx_word' id='word_1_75' title='bbox 225 1733 480 1842; x_wconf 91' lang='lat' dir='ltr'>gregationis</span> <span class='ocrx_word' id='word_1_76' title='bbox 525 1732 661 1814; x_wconf 89' lang='lat' dir='ltr'>decret</span> <span class='ocrx_word' id='word_1_77' title='bbox 644 1742 688 1813; x_wconf 89' lang='lat' dir='ltr'>ta</span> <span class='ocrx_word' id='word_1_78' title='bbox 731 1734 977 1841; x_wconf 90' lang='lat' dir='ltr'>quantocius</span> <span class='ocrx_word' id='word_1_79' title='bbox 1009 1731 1144 1816; x_wconf 83' lang='lat' dir='ltr'>·Clero</span> <span class='ocrx_word' id='word_1_80' title='bbox 1188 1720 1469 1833; x_wconf 86' lang='lat' dir='ltr'>innotescant</span> <span class='ocrx_word' id='word_1_81' title='bbox 1513 1732 1712 1840; x_wconf 84' lang='lat' dir='ltr'>Episcopi</span> 
     </span>
    </p>
   </div>
   <div class='ocr_carea' id='block_1_3' title="bbox 94 1862 510 1972">
    <p class='ocr_par' dir='ltr' id='par_1_4' title="bbox 94 1862 510 1972">
     <span class='ocr_line' id='line_1_12' title="bbox 94 1862 510 1972; baseline -0.005 -25"><span class='ocrx_word' id='word_1_82' title='bbox 94 1874 97 1879; x_wconf 81' lang='grc'><strong>’</strong></span> <span class='ocrx_word' id='word_1_83' title='bbox 223 1862 510 1972; x_wconf 90' lang='lat' dir='ltr'>providebunt.</span> 
     </span>
    </p>
   </div>
   <div class='ocr_carea' id='block_1_4' title="bbox 224 1979 1713 2240">
    <p class='ocr_par' dir='ltr' id='par_1_5' title="bbox 224 1979 1713 2237">
     <span class='ocr_line' id='line_1_13' title="bbox 307 1979 1713 2104; baseline 0.002 -28.075"><span class='ocrx_word' id='word_1_84' title='bbox 307 1992 617 2095; x_wconf 79' lang='lat' dir='ltr'>Quoniam</span> <span class='ocrx_word' id='word_1_85' title='bbox 606 2024 649 2076; x_wconf 86' lang='lat' dir='ltr'>rn</span> <span class='ocrx_word' id='word_1_86' title='bbox 688 1997 870 2104; x_wconf 91' lang='lat' dir='ltr'>pristinis</span> <span class='ocrx_word' id='word_1_87' title='bbox 910 1995 1159 2080; x_wconf 91' lang='lat' dir='ltr'>editionibus</span> <span class='ocrx_word' id='word_1_88' title='bbox 1204 1979 1382 2079; x_wconf 90' lang='lat' dir='ltr'>Missalis</span> <span class='ocrx_word' id='word_1_89' title='bbox 1411 1997 1626 2080; x_wconf 87' lang='lat' dir='ltr'>Romano·</span> <span class='ocrx_word' id='word_1_90' title='bbox 1627 1995 1713 2078; x_wconf 92' lang='lat' dir='ltr'>Bo-</span> 
     </span>
     <span class='ocr_line' id='line_1_14' title="bbox 224 2125 1712 2240; baseline 0 -32"><span class='ocrx_word' id='word_1_91' title='bbox 224 2125 395 2227; x_wconf 91' lang='lat' dir='ltr'>hemici,</span> <span class='ocrx_word' id='word_1_92' title='bbox 436 2155 542 2235; x_wconf 88' lang='lat' dir='ltr'>quae</span> <span class='ocrx_word' id='word_1_93' title='bbox 581 2128 624 2207; x_wconf 96' lang='lat' dir='ltr'>in</span> <span class='ocrx_word' id='word_1_94' title='bbox 664 2128 743 2209; x_wconf 91' lang='lat' dir='ltr'>hac</span> <span class='ocrx_word' id='word_1_95' title='bbox 788 2129 1003 2240; x_wconf 90' lang='lat' dir='ltr'>provincia</span> <span class='ocrx_word' id='word_1_96' title='bbox 1047 2128 1261 2236; x_wconf 91' lang='lat' dir='ltr'>hucusque</span> <span class='ocrx_word' id='word_1_97' title='bbox 1304 2130 1415 2237; x_wconf 89' lang='lat' dir='ltr'>typis</span> <span class='ocrx_word' id='word_1_98' title='bbox 1461 2128 1712 2236; x_wconf 86' lang='lat' dir='ltr'>prodienmt,</span> 
     </span>
    </p>
   </div>
   <div class='ocr_carea' id='block_1_5' title="bbox 223 2257 1817 2379">
    <p class='ocr_par' dir='ltr' id='par_1_6' title="bbox 223 2257 1817 2379">
     <span class='ocr_line' id='line_1_15' title="bbox 223 2257 1817 2379; baseline 0.002 -40"><span class='ocrx_word' id='word_1_99' title='bbox 223 2258 423 2340; x_wconf 89' lang='lat' dir='ltr'>nonnulla</span> <span class='ocrx_word' id='word_1_100' title='bbox 447 2260 671 2368; x_wconf 88' lang='lat' dir='ltr'>praecipue</span> <span class='ocrx_word' id='word_1_101' title='bbox 687 2260 809 2341; x_wconf 83' lang='lat' dir='ltr'>circa</span> <span class='ocrx_word' id='word_1_102' title='bbox 837 2257 993 2379; x_wconf 20' lang='lat' dir='ltr'>Missas,</span> <span class='ocrx_word' id='word_1_103' title='bbox 1015 2262 1260 2343; x_wconf 89' lang='lat' dir='ltr'>recentiores</span> <span class='ocrx_word' id='word_1_104' title='bbox 1290 2273 1331 2342; x_wconf 89' lang='lat' dir='ltr'>et</span> <span class='ocrx_word' id='word_1_105' title='bbox 1360 2260 1585 2342; x_wconf 84' lang='lat' dir='ltr'>Bohemiae</span> <span class='ocrx_word' id='word_1_106' title='bbox 1614 2284 1712 2368; x_wconf 68' lang='lat' dir='ltr'>pr0-,</span> <span class='ocrx_word' id='word_1_107' title='bbox 1815 2349 1817 2352; x_wconf 6' lang='grc' dir='ltr'><em>Α</em></span> 
     </span>
    </p>
   </div>
   <div class='ocr_carea' id='block_1_6' title="bbox 223 2390 1712 2500">
    <p class='ocr_par' dir='ltr' id='par_1_7' title="bbox 223 2390 1712 2500">
     <span class='ocr_line' id='line_1_16' title="bbox 223 2390 1712 2500; baseline 0 -28"><span class='ocrx_word' id='word_1_108' title='bbox 223 2392 334 2500; x_wconf 88' lang='lat' dir='ltr'>prias</span> <span class='ocrx_word' id='word_1_109' title='bbox 374 2390 674 2491; x_wconf 84' lang='lat' dir='ltr'>desiderantur,</span> <span class='ocrx_word' id='word_1_110' title='bbox 723 2404 834 2473; x_wconf 89' lang='lat' dir='ltr'>nova</span> <span class='ocrx_word' id='word_1_111' title='bbox 873 2393 1094 2474; x_wconf 90' lang='lat' dir='ltr'>correctior</span> <span class='ocrx_word' id='word_1_112' title='bbox 1121 2393 1258 2475; x_wconf 88' lang='lat' dir='ltr'>&#39;editio</span> <span class='ocrx_word' id='word_1_113' title='bbox 1298 2392 1475 2475; x_wconf 90' lang='lat' dir='ltr'>Missalis</span> <span class='ocrx_word' id='word_1_114' title='bbox 1519 2391 1712 2489; x_wconf 90' lang='lat' dir='ltr'>Romani,</span> 
     </span>
    </p>
   </div>
   <div class='ocr_carea' id='block_1_7' title="bbox 225 2514 1842 2633">
    <p class='ocr_par' dir='ltr' id='par_1_8' title="bbox 225 2514 1842 2633">
     <span class='ocr_line' id='line_1_17' title="bbox 225 2514 1842 2633; baseline 0 -29"><span class='ocrx_word' id='word_1_115' title='bbox 225 2520 601 2605; x_wconf 83' lang='lat' dir='ltr'>Constitutionibus</span> <span class='ocrx_word' id='word_1_116' title='bbox 621 2514 873 2632; x_wconf 82' lang='lat' dir='ltr'>Apostolicis</span> <span class='ocrx_word' id='word_1_117' title='bbox 886 2520 920 2603; x_wconf 78' lang='grc'>6)</span> <span class='ocrx_word' id='word_1_118' title='bbox 942 2523 1119 2631; x_wconf 83' lang='lat' dir='ltr'>perfecte</span> <span class='ocrx_word' id='word_1_119' title='bbox 1143 2523 1397 2633; x_wconf 87' lang='lat' dir='ltr'>respondens</span> <span class='ocrx_word' id='word_1_120' title='bbox 1417 2523 1713 2632; x_wconf 87' lang='lat' dir='ltr'>procurabitur,</span> <span class='ocrx_word' id='word_1_121' title='bbox 1840 2591 1842 2595; x_wconf 92' lang='lat'><em>.</em></span> 
     </span>
    </p>
   </div>
   <div class='ocr_carea' id='block_1_8' title="bbox 224 2642 1714 3029">
    <p class='ocr_par' dir='ltr' id='par_1_9' title="bbox 224 2642 1714 3029">
     <span class='ocr_line' id='line_1_18' title="bbox 225 2642 1714 2781; baseline 0.001 -46"><span class='ocrx_word' id='word_1_122' title='bbox 225 2642 292 2735; x_wconf 89' lang='lat' dir='ltr'>cui</span> <span class='ocrx_word' id='word_1_123' title='bbox 320 2654 472 2737; x_wconf 89' lang='lat' dir='ltr'>Missae</span> <span class='ocrx_word' id='word_1_124' title='bbox 503 2654 761 2781; x_wconf 81' lang='lat' dir='ltr'>Sanctorum,</span> <span class='ocrx_word' id='word_1_125' title='bbox 793 2683 899 2764; x_wconf 88' lang='lat' dir='ltr'>quae</span> <span class='ocrx_word' id='word_1_126' title='bbox 920 2684 971 2739; x_wconf 86' lang='lat' dir='ltr'>ex</span> <span class='ocrx_word' id='word_1_127' title='bbox 990 2658 1309 2741; x_wconf 89' lang='lat' dir='ltr'>immemorabili</span> <span class='ocrx_word' id='word_1_128' title='bbox 1332 2656 1628 2739; x_wconf 88' lang='lat' dir='ltr'>consuetudine</span> <span class='ocrx_word' id='word_1_129' title='bbox 1647 2656 1714 2737; x_wconf 90' lang='lat' dir='ltr'>vel</span> 
     </span>
     <span class='ocr_line' id='line_1_19' title="bbox 224 2786 1712 2897; baseline 0.001 -30"><span class='ocrx_word' id='word_1_130' title='bbox 224 2813 288 2867; x_wconf 79' lang='lat' dir='ltr'>err</span> <span class='ocrx_word' id='word_1_131' title='bbox 313 2786 480 2868; x_wconf 90' lang='lat' dir='ltr'>lndnlto</span> <span class='ocrx_word' id='word_1_132' title='bbox 521 2788 765 2896; x_wconf 82' lang='lat' dir='ltr'>Apostolico</span> <span class='ocrx_word' id='word_1_133' title='bbox 806 2788 1030 2869; x_wconf 87' lang='lat' dir='ltr'>innostra</span> <span class='ocrx_word' id='word_1_134' title='bbox 1070 2789 1285 2897; x_wconf 84' lang='lat' dir='ltr'>provincia</span> <span class='ocrx_word' id='word_1_135' title='bbox 1329 2788 1524 2870; x_wconf 89' lang='lat' dir='ltr'>celebrari</span> <span class='ocrx_word' id='word_1_136' title='bbox 1570 2788 1712 2885; x_wconf 91' lang='lat' dir='ltr'>solent,</span> 
     </span>
     <span class='ocr_line' id='line_1_20' title="bbox 225 2915 1714 3029; baseline -0.001 -29"><span class='ocrx_word' id='word_1_137' title='bbox 225 2917 340 3003; x_wconf 83' lang='lat' dir='ltr'>salvo</span> <span class='ocrx_word' id='word_1_138' title='bbox 381 2915 567 3027; x_wconf 81' lang='lat' dir='ltr'>Corpore</span> <span class='ocrx_word' id='word_1_139' title='bbox 605 2918 784 3001; x_wconf 88' lang='lat' dir='ltr'>Missalis</span> <span class='ocrx_word' id='word_1_140' title='bbox 824 2920 1111 3029; x_wconf 87' lang='lat' dir='ltr'>adjungentur.</span> <span class='ocrx_word' id='word_1_141' title='bbox 1173 2918 1448 3004; x_wconf 83' lang='lat' dir='ltr'>Conscientiis</span> <span class='ocrx_word' id='word_1_142' title='bbox 1489 2919 1714 3002; x_wconf 89' lang='lat' dir='ltr'>consulturi</span> 
     </span>
    </p>
   </div>
   <div class='ocr_carea' id='block_1_9' title="bbox 223 3037 1715 3583">
    <p class='ocr_par' dir='ltr' id='par_1_10' title="bbox 223 3037 1715 3529">
     <span class='ocr_line' id='line_1_21' title="bbox 224 3037 1714 3161; baseline -0.001 -28"><span class='ocrx_word' id='word_1_143' title='bbox 224 3037 422 3159; x_wconf 84' lang='lat' dir='ltr'>Episcopi</span> <span class='ocrx_word' id='word_1_144' title='bbox 462 3049 657 3133; x_wconf 86' lang='lat' dir='ltr'>Sanctam</span> <span class='ocrx_word' id='word_1_145' title='bbox 698 3050 847 3135; x_wconf 91' lang='lat' dir='ltr'>Sedem</span> <span class='ocrx_word' id='word_1_146' title='bbox 887 3047 1062 3134; x_wconf 82' lang='lat' dir='ltr'>adibunt</span> <span class='ocrx_word' id='word_1_147' title='bbox 1091 3052 1382 3161; x_wconf 87' lang='lat' dir='ltr'>supplicantes,</span> <span class='ocrx_word' id='word_1_148' title='bbox 1419 3060 1466 3132; x_wconf 93' lang='lat' dir='ltr'>ut</span> <span class='ocrx_word' id='word_1_149' title='bbox 1496 3051 1641 3136; x_wconf 85' lang='lat' dir='ltr'>saltem</span> <span class='ocrx_word' id='word_1_150' title='bbox 1671 3052 1714 3131; x_wconf 91' lang='lat' dir='ltr'>in</span> 
     </span>
     <span class='ocr_line' id='line_1_22' title="bbox 225 3172 1714 3293; baseline 0.001 -30"><span class='ocrx_word' id='word_1_151' title='bbox 225 3181 406 3265; x_wconf 85' lang='lat' dir='ltr'>ecclesiis</span> <span class='ocrx_word' id='word_1_152' title='bbox 445 3172 695 3291; x_wconf 88' lang='lat' dir='ltr'>pauperibus</span> <span class='ocrx_word' id='word_1_153' title='bbox 735 3211 856 3264; x_wconf 91' lang='lat' dir='ltr'>usum</span> <span class='ocrx_word' id='word_1_154' title='bbox 898 3181 1148 3283; x_wconf 89' lang='lat' dir='ltr'>Missalium,</span> <span class='ocrx_word' id='word_1_155' title='bbox 1194 3212 1300 3292; x_wconf 88' lang='lat' dir='ltr'>quae</span> <span class='ocrx_word' id='word_1_156' title='bbox 1345 3186 1544 3293; x_wconf 89' lang='lat' dir='ltr'>quopiam</span> <span class='ocrx_word' id='word_1_157' title='bbox 1587 3183 1714 3265; x_wconf 90' lang='lat' dir='ltr'>modo</span> 
     </span>
     <span class='ocr_line' id='line_1_23' title="bbox 223 3314 1715 3471; baseline -0.001 -76"><span class='ocrx_word' id='word_1_158' title='bbox 223 3314 465 3424; x_wconf 85' lang='lat' dir='ltr'>imperfecta</span> <span class='ocrx_word' id='word_1_159' title='bbox 493 3317 759 3424; x_wconf 84' lang='lat' dir='ltr'>reperiuntur,</span> <span class='ocrx_word' id='word_1_160' title='bbox 790 3315 1086 3424; x_wconf 83' lang='lat' dir='ltr'>benignissime</span> <span class='ocrx_word' id='word_1_161' title='bbox 1106 3316 1331 3398; x_wconf 88' lang='lat' dir='ltr'>concedere</span> <span class='ocrx_word' id='word_1_162' title='bbox 1351 3317 1554 3471; x_wconf 83' lang='lat' dir='ltr'>dignetur,</span> <span class='ocrx_word' id='word_1_163' title='bbox 1585 3342 1715 3423; x_wconf 89' lang='lat' dir='ltr'>usque</span> 
     </span>
     <span class='ocr_line' id='line_1_24' title="bbox 226 3445 661 3583; baseline -0.002 -55"><span class='ocrx_word' id='word_1_164' title='bbox 226 3445 324 3583; x_wconf 86' lang='lat' dir='ltr'>dnm</span> <span class='ocrx_word' id='word_1_165' title='bbox 355 3451 661 3529; x_wconf 80' lang='lat' dir='ltr'>consumantur.</span> 
     </span>
    </p>
   </div>
   <div class='ocr_carea' id='block_1_10' title="bbox 127 3577 1731 4745">
    <p class='ocr_par' dir='ltr' id='par_1_11' title="bbox 127 3577 1731 4745">
     <span class='ocr_line' id='line_1_25' title="bbox 311 3577 1714 3689; baseline 0 -28"><span class='ocrx_word' id='word_1_166' title='bbox 311 3577 646 3662; x_wconf 87' lang='lat' dir='ltr'>Vehementer</span> <span class='ocrx_word' id='word_1_167' title='bbox 694 3608 816 3687; x_wconf 90' lang='lat' dir='ltr'>porro</span> <span class='ocrx_word' id='word_1_168' title='bbox 867 3581 1076 3689; x_wconf 87' lang='lat' dir='ltr'>cupimus,</span> <span class='ocrx_word' id='word_1_169' title='bbox 1127 3590 1174 3661; x_wconf 91' lang='lat' dir='ltr'>ut</span> <span class='ocrx_word' id='word_1_170' title='bbox 1222 3579 1363 3662; x_wconf 89' lang='lat' dir='ltr'>divina</span> <span class='ocrx_word' id='word_1_171' title='bbox 1415 3581 1612 3687; x_wconf 87' lang='lat' dir='ltr'>mysteria</span> <span class='ocrx_word' id='word_1_172' title='bbox 1660 3578 1714 3661; x_wconf 91' lang='lat' dir='ltr'>ab</span> 
     </span>
     <span class='ocr_line' id='line_1_26' title="bbox 227 3693 1731 3836; baseline -0.001 -43"><span class='ocrx_word' id='word_1_173' title='bbox 227 3711 420 3805; x_wconf 86' lang='lat' dir='ltr'>omnibus</span> <span class='ocrx_word' id='word_1_174' title='bbox 450 3723 492 3794; x_wconf 90' lang='lat' dir='ltr'>et</span> <span class='ocrx_word' id='word_1_175' title='bbox 521 3693 694 3836; x_wconf 84' lang='lat' dir='ltr'>singulis</span> <span class='ocrx_word' id='word_1_176' title='bbox 725 3711 1006 3795; x_wconf 87' lang='lat' dir='ltr'>sacerdotibus</span> <span class='ocrx_word' id='word_1_177' title='bbox 1036 3712 1253 3823; x_wconf 81' lang='lat' dir='ltr'>diligenter</span> <span class='ocrx_word' id='word_1_178' title='bbox 1282 3740 1332 3835; x_wconf 85' lang='lat' dir='ltr'>ac</span> <span class='ocrx_word' id='word_1_179' title='bbox 1360 3710 1592 3819; x_wconf 89' lang='lat' dir='ltr'>frequenter</span> <span class='ocrx_word' id='word_1_180' title='bbox 1620 3738 1714 3818; x_wconf 90' lang='lat' dir='ltr'>per·</span> <span class='ocrx_word' id='word_1_181' title='bbox 1729 3711 1731 3715; x_wconf 70' lang='grc'>’</span> 
     </span>
     <span class='ocr_line' id='line_1_27' title="bbox 224 3841 1716 3956; baseline 0.001 -33"><span class='ocrx_word' id='word_1_182' title='bbox 224 3841 424 3944; x_wconf 79' lang='lat' dir='ltr'>ficiuntur,</span> <span class='ocrx_word' id='word_1_183' title='bbox 454 3873 508 3926; x_wconf 93' lang='lat' dir='ltr'>ne</span> <span class='ocrx_word' id='word_1_184' title='bbox 536 3854 675 3933; x_wconf 89' lang='lat' dir='ltr'>tantae</span> <span class='ocrx_word' id='word_1_185' title='bbox 706 3843 920 3954; x_wconf 90' lang='lat' dir='ltr'>dignitatis</span> <span class='ocrx_word' id='word_1_186' title='bbox 950 3845 1127 3956; x_wconf 88' lang='lat' dir='ltr'>gradum</span> <span class='ocrx_word' id='word_1_187' title='bbox 1163 3845 1294 3926; x_wconf 88' lang='lat' dir='ltr'>otiose</span> <span class='ocrx_word' id='word_1_188' title='bbox 1333 3845 1560 3952; x_wconf 88' lang='lat' dir='ltr'>suscepisse</span> <span class='ocrx_word' id='word_1_189' title='bbox 1598 3841 1716 3924; x_wconf 89' lang='lat' dir='ltr'>vide·</span> 
     </span>
     <span class='ocr_line' id='line_1_28' title="bbox 224 3971 1715 4086; baseline -0.001 -31"><span class='ocrx_word' id='word_1_190' title='bbox 224 3972 357 4056; x_wconf 86' lang='lat' dir='ltr'>antur</span> <span class='ocrx_word' id='word_1_191' title='bbox 410 3974 686 4058; x_wconf 87' lang='lat' dir='ltr'>Obsecramus</span> <span class='ocrx_word' id='word_1_192' title='bbox 716 3977 855 4084; x_wconf 88' lang='lat' dir='ltr'>itaque</span> <span class='ocrx_word' id='word_1_193' title='bbox 885 3976 1082 4086; x_wconf 88' lang='lat' dir='ltr'>singulos,</span> <span class='ocrx_word' id='word_1_194' title='bbox 1114 4002 1266 4083; x_wconf 92' lang='lat' dir='ltr'>eosque</span> <span class='ocrx_word' id='word_1_195' title='bbox 1295 3976 1445 4056; x_wconf 89' lang='lat' dir='ltr'>virtute</span> <span class='ocrx_word' id='word_1_196' title='bbox 1475 4002 1579 4056; x_wconf 88' lang='lat' dir='ltr'>saon</span> <span class='ocrx_word' id='word_1_197' title='bbox 1568 3971 1715 4056; x_wconf 68' lang='lat' dir='ltr'>(lo-n</span> 
     </span>
     <span class='ocr_line' id='line_1_29' title="bbox 226 4104 1715 4218; baseline -0.001 -29"><span class='ocrx_word' id='word_1_198' title='bbox 226 4107 309 4189; x_wconf 88' lang='lat' dir='ltr'>oilii</span> <span class='ocrx_word' id='word_1_199' title='bbox 340 4106 571 4190; x_wconf 88' lang='lat' dir='ltr'>Tridentini</span> <span class='ocrx_word' id='word_1_200' title='bbox 588 4104 620 4188; x_wconf 80' lang='grc'>7)</span> <span class='ocrx_word' id='word_1_201' title='bbox 652 4110 960 4217; x_wconf 89' lang='lat' dir='ltr'>compellamus,</span> <span class='ocrx_word' id='word_1_202' title='bbox 991 4119 1047 4208; x_wconf 85' lang='lat' dir='ltr'>ut,</span> <span class='ocrx_word' id='word_1_203' title='bbox 1078 4110 1157 4189; x_wconf 92' lang='lat' dir='ltr'>nisi</span> <span class='ocrx_word' id='word_1_204' title='bbox 1188 4108 1290 4189; x_wconf 87' lang='lat' dir='ltr'>alias</span> <span class='ocrx_word' id='word_1_205' title='bbox 1320 4107 1504 4215; x_wconf 89' lang='lat' dir='ltr'>quotidie</span> <span class='ocrx_word' id='word_1_206' title='bbox 1525 4106 1715 4218; x_wconf 88' lang='lat' dir='ltr'>obligen-</span> 
     </span>
     <span class='ocr_line' id='line_1_30' title="bbox 226 4227 1717 4350; baseline -0.001 -29"><span class='ocrx_word' id='word_1_207' title='bbox 226 4248 315 4321; x_wconf 62' lang='lat' dir='ltr'>tur?</span> <span class='ocrx_word' id='word_1_208' title='bbox 332 4239 399 4321; x_wconf 88' lang='lat' dir='ltr'>vel</span> <span class='ocrx_word' id='word_1_209' title='bbox 437 4239 620 4350; x_wconf 91' lang='lat' dir='ltr'>legitime</span> <span class='ocrx_word' id='word_1_210' title='bbox 660 4240 846 4349; x_wconf 92' lang='lat' dir='ltr'>impediti</span> <span class='ocrx_word' id='word_1_211' title='bbox 885 4240 1046 4340; x_wconf 77' lang='lat' dir='ltr'>filerint,</span> <span class='ocrx_word' id='word_1_212' title='bbox 1085 4249 1245 4348; x_wconf 90' lang='lat' dir='ltr'>praeter</span> <span class='ocrx_word' id='word_1_213' title='bbox 1283 4238 1370 4338; x_wconf 88' lang='lat' dir='ltr'>dies</span> <span class='ocrx_word' id='word_1_214' title='bbox 1410 4227 1641 4322; x_wconf 88' lang='lat' dir='ltr'>dominicos</span> <span class='ocrx_word' id='word_1_215' title='bbox 1677 4249 1717 4320; x_wconf 89' lang='lat' dir='ltr'>et</span> 
     </span>
     <span class='ocr_line' id='line_1_31' title="bbox 225 4353 1718 4480; baseline -0.001 -28"><span class='ocrx_word' id='word_1_216' title='bbox 225 4370 393 4463; x_wconf 86' lang='lat' dir='ltr'>festivos</span> <span class='ocrx_word' id='word_1_217' title='bbox 424 4399 584 4453; x_wconf 89' lang='lat' dir='ltr'>sacrum</span> <span class='ocrx_word' id='word_1_218' title='bbox 615 4372 766 4475; x_wconf 87' lang='lat' dir='ltr'>Missae</span> <span class='ocrx_word' id='word_1_219' title='bbox 796 4371 979 4453; x_wconf 86' lang='lat' dir='ltr'>officium</span> <span class='ocrx_word' id='word_1_220' title='bbox 1007 4353 1334 4480; x_wconf 85' lang='lat' dir='ltr'>frequentissime</span> <span class='ocrx_word' id='word_1_221' title='bbox 1354 4380 1564 4480; x_wconf 88' lang='lat' dir='ltr'>peragant,</span> <span class='ocrx_word' id='word_1_222' title='bbox 1594 4383 1718 4479; x_wconf 91' lang='lat' dir='ltr'>prout</span> 
     </span>
     <span class='ocr_line' id='line_1_32' title="bbox 127 4503 1716 4611; baseline -0.001 -26"><span class='ocrx_word' id='word_1_223' title='bbox 127 4534 132 4541; x_wconf 88' lang='lat'>·</span> <span class='ocrx_word' id='word_1_224' title='bbox 225 4516 390 4585; x_wconf 79' lang='lat' dir='ltr'>munus‘</span> <span class='ocrx_word' id='word_1_225' title='bbox 406 4531 560 4603; x_wconf 86' lang='lat' dir='ltr'>eorum,</span> <span class='ocrx_word' id='word_1_226' title='bbox 591 4505 771 4585; x_wconf 85' lang='lat' dir='ltr'>maxime</span> <span class='ocrx_word' id='word_1_227' title='bbox 800 4533 922 4585; x_wconf 88' lang='lat' dir='ltr'>curae</span> <span class='ocrx_word' id='word_1_228' title='bbox 952 4505 1194 4600; x_wconf 76' lang='lat' dir='ltr'>animantur,</span> <span class='ocrx_word' id='word_1_229' title='bbox 1234 4504 1430 4611; x_wconf 86' lang='lat' dir='ltr'>exposcit,</span> <span class='ocrx_word' id='word_1_230' title='bbox 1469 4514 1511 4584; x_wconf 88' lang='lat' dir='ltr'>et</span> <span class='ocrx_word' id='word_1_231' title='bbox 1539 4503 1716 4584; x_wconf 84' lang='lat' dir='ltr'>charitas</span> 
     </span>
     <span class='ocr_line' id='line_1_33' title="bbox 227 4632 1515 4745; baseline -0.001 -29"><span class='ocrx_word' id='word_1_232' title='bbox 227 4632 400 4717; x_wconf 90' lang='lat' dir='ltr'>Domini</span> <span class='ocrx_word' id='word_1_233' title='bbox 429 4637 558 4717; x_wconf 89' lang='lat' dir='ltr'>nostri</span> <span class='ocrx_word' id='word_1_234' title='bbox 588 4634 692 4717; x_wconf 81' lang='lat' dir='ltr'>Jesu</span> <span class='ocrx_word' id='word_1_235' title='bbox 722 4633 877 4718; x_wconf 84' lang='lat' dir='ltr'>Christi</span> <span class='ocrx_word' id='word_1_236' title='bbox 906 4635 1090 4743; x_wconf 90' lang='lat' dir='ltr'>alioquin</span> <span class='ocrx_word' id='word_1_237' title='bbox 1120 4645 1249 4745; x_wconf 87' lang='lat' dir='ltr'>urget.</span> <span class='ocrx_word' id='word_1_238' title='bbox 1510 4644 1515 4651; x_wconf 86' lang='lat'>&#39;</span> 
     </span>
    </p>
   </div>
   <div class='ocr_carea' id='block_1_11' title="bbox 230 4834 421 4846">
    <p class='ocr_par' dir='ltr' id='par_1_12' title="bbox 230 4834 421 4846">
     <span class='ocr_line' id='line_1_34' title="bbox 230 4834 421 4846; baseline 0.01 -2"><span class='ocrx_word' id='word_1_239' title='bbox 230 4834 421 4846; x_wconf 62' lang='grc' dir='ltr'><strong>...ι-ι...-</strong></span> 
     </span>
    </p>
   </div>
   <div class='ocr_carea' id='block_1_12' title="bbox 272 4907 1717 5114">
    <p class='ocr_par' dir='ltr' id='par_1_13' title="bbox 272 4907 1717 5114">
     <span class='ocr_line' id='line_1_35' title="bbox 272 4907 1717 5004; baseline -0.004 -18"><span class='ocrx_word' id='word_1_240' title='bbox 272 4921 297 5004; x_wconf 80' lang='lat'>⁸)</span> <span class='ocrx_word' id='word_1_241' title='bbox 319 4916 474 4986; x_wconf 84' lang='lat' dir='ltr'>Clement.</span> <span class='ocrx_word' id='word_1_242' title='bbox 487 4920 551 4986; x_wconf 91' lang='grc' dir='ltr'>ΡΡ.</span> <span class='ocrx_word' id='word_1_243' title='bbox 566 4907 658 4986; x_wconf 66' lang='grc' dir='ltr'>111Ηζ</span> <span class='ocrx_word' id='word_1_244' title='bbox 674 4918 775 5004; x_wconf 86' lang='lat' dir='ltr'>„Cum</span> <span class='ocrx_word' id='word_1_245' title='bbox 792 4922 1050 4986; x_wconf 83' lang='lat' dir='ltr'>sanctissimum“</span> <span class='ocrx_word' id='word_1_246' title='bbox 1066 4920 1171 4985; x_wconf 85' lang='lat' dir='ltr'>dedic</span> <span class='ocrx_word' id='word_1_247' title='bbox 1195 4923 1222 4985; x_wconf 80' lang='lat'>7.</span> <span class='ocrx_word' id='word_1_248' title='bbox 1238 4919 1317 4985; x_wconf 81' lang='lat' dir='ltr'>Julii</span> <span class='ocrx_word' id='word_1_249' title='bbox 1341 4918 1430 4982; x_wconf 79' lang='lat'>1604.</span> <span class='ocrx_word' id='word_1_250' title='bbox 1455 4925 1487 4984; x_wconf 84' lang='lat' dir='ltr'>et</span> <span class='ocrx_word' id='word_1_251' title='bbox 1508 4917 1631 4986; x_wconf 86' lang='lat' dir='ltr'>Urbani</span> <span class='ocrx_word' id='word_1_252' title='bbox 1655 4917 1717 4981; x_wconf 79' lang='lat' dir='ltr'>Pr.</span> 
     </span>
     <span class='ocr_line' id='line_1_36' title="bbox 321 5025 1280 5114; baseline 0 -24"><span class='ocrx_word' id='word_1_253' title='bbox 321 5026 412 5090; x_wconf 90' lang='lat' dir='ltr'><strong>VIII.</strong></span> <span class='ocrx_word' id='word_1_254' title='bbox 434 5025 491 5110; x_wconf 88' lang='lat' dir='ltr'>„Si</span> <span class='ocrx_word' id='word_1_255' title='bbox 515 5027 593 5114; x_wconf 88' lang='lat' dir='ltr'>quid</span> <span class='ocrx_word' id='word_1_256' title='bbox 615 5036 665 5092; x_wconf 86' lang='lat' dir='ltr'>est</span> <span class='ocrx_word' id='word_1_257' title='bbox 683 5029 718 5091; x_wconf 91' lang='lat' dir='ltr'>in</span> <span class='ocrx_word' id='word_1_258' title='bbox 741 5026 860 5093; x_wconf 86' lang='lat' dir='ltr'>rebus“</span> <span class='ocrx_word' id='word_1_259' title='bbox 883 5027 924 5091; x_wconf 90' lang='lat' dir='ltr'>de</span> <span class='ocrx_word' id='word_1_260' title='bbox 947 5027 1052 5092; x_wconf 74' lang='grc'>(11112.</span> <span class='ocrx_word' id='word_1_261' title='bbox 1076 5025 1165 5113; x_wconf 87' lang='lat' dir='ltr'>Sept.</span> <span class='ocrx_word' id='word_1_262' title='bbox 1190 5027 1280 5092; x_wconf 80' lang='lat'><strong>1634.</strong></span> 
     </span>
    </p>
   </div>
   <div class='ocr_carea' id='block_1_13' title="bbox 274 5131 1456 5298">
    <p class='ocr_par' dir='ltr' id='par_1_14' title="bbox 274 5131 1456 5298">
     <span class='ocr_line' id='line_1_37' title="bbox 274 5131 1456 5298; baseline -0.003 -98"><span class='ocrx_word' id='word_1_263' title='bbox 274 5131 557 5222; x_wconf 73' lang='lat' dir='ltr'>⁷)sen.xxl11.</span> <span class='ocrx_word' id='word_1_264' title='bbox 581 5133 621 5198; x_wconf 89' lang='lat' dir='ltr'>de</span> <span class='ocrx_word' id='word_1_265' title='bbox 643 5134 714 5199; x_wconf 81' lang='lat' dir='ltr'>Res.</span> <span class='ocrx_word' id='word_1_266' title='bbox 738 5154 809 5221; x_wconf 82' lang='lat' dir='ltr'>cap.</span> <span class='ocrx_word' id='word_1_267' title='bbox 833 5135 881 5198; x_wconf 84' lang='lat'>14.</span> <span class='ocrx_word' id='word_1_268' title='bbox 1417 5233 1456 5298; x_wconf 77' lang='lat'>9*</span> 
     </span>
    </p>
   </div>
   <div class='ocr_carea' id='block_1_14' title="bbox 0 0 1988 5956">
    <p class='ocr_par' dir='ltr' id='par_1_15' title="bbox 0 0 1988 5956">
     <span class='ocr_line' id='line_1_38' title="bbox 0 0 1988 5956; baseline 0 0"><span class='ocrx_word' id='word_1_269' title='bbox 0 0 1988 5956; x_wconf 95' lang='lat' dir='ltr'> </span> 
     </span>
    </p>
   </div>
  </div>
 </body>
</html>
