<?xml version="1.0" encoding="UTF-8"?>
<!DOCTYPE html PUBLIC "-//W3C//DTD XHTML 1.0 Transitional//EN"
    "http://www.w3.org/TR/xhtml1/DTD/xhtml1-transitional.dtd">
<html xmlns="http://www.w3.org/1999/xhtml" xml:lang="en" lang="en">
 <head>
  <title>
</title>
<meta http-equiv="Content-Type" content="text/html;charset=utf-8" />
  <meta name='ocr-system' content='tesseract 3.04.00' />
  <meta name='ocr-capabilities' content='ocr_page ocr_carea ocr_par ocr_line ocrx_word'/>
</head>
<body>
  <div class='ocr_page' id='page_1' title='image "actaetdecretaco00schwgoog_0171.png"; bbox 0 0 3960 5956; ppageno 0'>
   <div class='ocr_carea' id='block_1_1' title="bbox 231 280 292 346">
    <p class='ocr_par' dir='ltr' id='par_1_1' title="bbox 231 280 292 346">
     <span class='ocr_line' id='line_1_1' title="bbox 231 280 292 346; baseline 0.016 -1"><span class='ocrx_word' id='word_1_1' title='bbox 231 280 292 346; x_wconf 87' lang='lat'>104</span> 
     </span>
    </p>
   </div>
   <div class='ocr_carea' id='block_1_2' title="bbox 231 456 1726 595">
    <p class='ocr_par' dir='ltr' id='par_1_2' title="bbox 231 456 1726 595">
     <span class='ocr_line' id='line_1_2' title="bbox 231 456 1726 595; baseline 0.005 -30"><span class='ocrx_word' id='word_1_2' title='bbox 231 483 336 583; x_wconf 90' lang='lat' dir='ltr'>dem,</span> <span class='ocrx_word' id='word_1_3' title='bbox 367 456 452 563; x_wconf 91' lang='lat' dir='ltr'>imo</span> <span class='ocrx_word' id='word_1_4' title='bbox 472 480 724 591; x_wconf 78' lang='lat' dir='ltr'>indigentiae</span> <span class='ocrx_word' id='word_1_5' title='bbox 745 491 786 583; x_wconf 80' lang='lat' dir='ltr'>et</span> <span class='ocrx_word' id='word_1_6' title='bbox 805 481 1069 564; x_wconf 81' lang='lat' dir='ltr'>necessitates</span> <span class='ocrx_word' id='word_1_7' title='bbox 1089 510 1178 565; x_wconf 92' lang='lat' dir='ltr'>sese</span> <span class='ocrx_word' id='word_1_8' title='bbox 1198 483 1386 586; x_wconf 85' lang='lat' dir='ltr'>offenmt,</span> <span class='ocrx_word' id='word_1_9' title='bbox 1417 489 1660 595; x_wconf 88' lang='lat' dir='ltr'>praesertim</span> <span class='ocrx_word' id='word_1_10' title='bbox 1690 492 1726 573; x_wconf 92' lang='lat' dir='ltr'>si</span> 
     </span>
    </p>
   </div>
   <div class='ocr_carea' id='block_1_3' title="bbox 231 614 1874 731">
    <p class='ocr_par' dir='ltr' id='par_1_3' title="bbox 231 614 1874 731">
     <span class='ocr_line' id='line_1_3' title="bbox 231 614 1874 731; baseline 0.004 -33"><span class='ocrx_word' id='word_1_11' title='bbox 231 644 385 698; x_wconf 88' lang='lat' dir='ltr'>novam</span> <span class='ocrx_word' id='word_1_12' title='bbox 405 616 514 696; x_wconf 90' lang='lat' dir='ltr'>vitae</span> <span class='ocrx_word' id='word_1_13' title='bbox 544 614 824 697; x_wconf 90' lang='lat' dir='ltr'>conditionem</span> <span class='ocrx_word' id='word_1_14' title='bbox 843 614 945 696; x_wconf 88' lang='lat' dir='ltr'>inire</span> <span class='ocrx_word' id='word_1_15' title='bbox 965 615 1032 697; x_wconf 90' lang='lat' dir='ltr'>vel</span> <span class='ocrx_word' id='word_1_16' title='bbox 1051 615 1287 726; x_wconf 82' lang='lat' dir='ltr'>generalem</span> <span class='ocrx_word' id='word_1_17' title='bbox 1307 617 1609 702; x_wconf 89' lang='lat' dir='ltr'>confessionem</span> <span class='ocrx_word' id='word_1_18' title='bbox 1628 651 1723 731; x_wconf 90' lang='lat' dir='ltr'>per·</span> <span class='ocrx_word' id='word_1_19' title='bbox 1871 638 1874 644; x_wconf 90' lang='grc'><strong>’</strong></span> 
     </span>
    </p>
   </div>
   <div class='ocr_carea' id='block_1_4' title="bbox 230 744 1725 1260">
    <p class='ocr_par' dir='ltr' id='par_1_4' title="bbox 230 744 1725 1260">
     <span class='ocr_line' id='line_1_4' title="bbox 231 744 1725 864; baseline 0.003 -32"><span class='ocrx_word' id='word_1_20' title='bbox 231 777 354 858; x_wconf 87' lang='lat' dir='ltr'>agere</span> <span class='ocrx_word' id='word_1_21' title='bbox 382 745 539 828; x_wconf 91' lang='lat' dir='ltr'>volunt.</span> <span class='ocrx_word' id='word_1_22' title='bbox 591 745 780 828; x_wconf 89' lang='lat' dir='ltr'>Huncin</span> <span class='ocrx_word' id='word_1_23' title='bbox 800 744 926 829; x_wconf 91' lang='lat' dir='ltr'>finem</span> <span class='ocrx_word' id='word_1_24' title='bbox 949 757 1153 855; x_wconf 65' lang='lat' dir='ltr'>optamus</span> <span class='ocrx_word' id='word_1_25' title='bbox 1183 759 1230 830; x_wconf 91' lang='lat' dir='ltr'>ut</span> <span class='ocrx_word' id='word_1_26' title='bbox 1249 749 1293 830; x_wconf 94' lang='lat' dir='ltr'>in</span> <span class='ocrx_word' id='word_1_27' title='bbox 1313 751 1479 864; x_wconf 86' lang='lat' dir='ltr'>oppidis</span> <span class='ocrx_word' id='word_1_28' title='bbox 1498 755 1725 862; x_wconf 84' lang='lat' dir='ltr'>majoribus</span> 
     </span>
     <span class='ocr_line' id='line_1_5' title="bbox 232 878 1722 991; baseline 0.005 -29"><span class='ocrx_word' id='word_1_29' title='bbox 232 891 273 963; x_wconf 91' lang='lat' dir='ltr'>et</span> <span class='ocrx_word' id='word_1_30' title='bbox 292 879 383 961; x_wconf 89' lang='lat' dir='ltr'>aliis</span> <span class='ocrx_word' id='word_1_31' title='bbox 412 879 525 978; x_wconf 90' lang='lat' dir='ltr'>locis,</span> <span class='ocrx_word' id='word_1_32' title='bbox 555 879 599 961; x_wconf 96' lang='lat' dir='ltr'>in</span> <span class='ocrx_word' id='word_1_33' title='bbox 629 878 779 987; x_wconf 92' lang='lat' dir='ltr'>quibus</span> <span class='ocrx_word' id='word_1_34' title='bbox 798 879 937 986; x_wconf 81' lang='lat' dir='ltr'>plures</span> <span class='ocrx_word' id='word_1_35' title='bbox 957 879 1109 964; x_wconf 83' lang='lat' dir='ltr'>adsunt</span> <span class='ocrx_word' id='word_1_36' title='bbox 1127 882 1367 991; x_wconf 84' lang='lat' dir='ltr'>presbyteri,</span> <span class='ocrx_word' id='word_1_37' title='bbox 1398 885 1457 966; x_wconf 90' lang='lat' dir='ltr'>sic</span> <span class='ocrx_word' id='word_1_38' title='bbox 1478 884 1632 968; x_wconf 90' lang='lat' dir='ltr'>dictum</span> <span class='ocrx_word' id='word_1_39' title='bbox 1654 917 1722 970; x_wconf 91' lang='lat' dir='ltr'>sa·</span> 
     </span>
     <span class='ocr_line' id='line_1_6' title="bbox 231 1010 1722 1128; baseline 0.005 -34"><span class='ocrx_word' id='word_1_40' title='bbox 231 1041 347 1095; x_wconf 85' lang='lat' dir='ltr'>cmm</span> <span class='ocrx_word' id='word_1_41' title='bbox 386 1011 589 1095; x_wconf 86' lang='lat' dir='ltr'>Triduum</span> <span class='ocrx_word' id='word_1_42' title='bbox 627 1010 888 1093; x_wconf 87' lang='lat' dir='ltr'>hebdomade</span> <span class='ocrx_word' id='word_1_43' title='bbox 927 1023 1071 1094; x_wconf 87' lang='lat' dir='ltr'>sancta</span> <span class='ocrx_word' id='word_1_44' title='bbox 1110 1024 1183 1095; x_wconf 90' lang='lat' dir='ltr'>aut</span> <span class='ocrx_word' id='word_1_45' title='bbox 1220 1013 1367 1096; x_wconf 85' lang='lat' dir='ltr'>saltem</span> <span class='ocrx_word' id='word_1_46' title='bbox 1406 1017 1513 1098; x_wconf 83' lang='lat' dir='ltr'>intra</span> <span class='ocrx_word' id='word_1_47' title='bbox 1557 1029 1722 1128; x_wconf 88' lang='lat' dir='ltr'>tempus</span> 
     </span>
     <span class='ocr_line' id='line_1_7' title="bbox 230 1144 1722 1260; baseline 0.003 -31"><span class='ocrx_word' id='word_1_48' title='bbox 230 1145 425 1257; x_wconf 87' lang='lat' dir='ltr'>paschale</span> <span class='ocrx_word' id='word_1_49' title='bbox 453 1155 686 1255; x_wconf 81' lang='lat' dir='ltr'>peragatur.</span> <span class='ocrx_word' id='word_1_50' title='bbox 747 1144 805 1227; x_wconf 95' lang='lat' dir='ltr'>Ut</span> <span class='ocrx_word' id='word_1_51' title='bbox 833 1173 956 1253; x_wconf 91' lang='lat' dir='ltr'>porro</span> <span class='ocrx_word' id='word_1_52' title='bbox 986 1146 1162 1256; x_wconf 86' lang='lat' dir='ltr'>singulis</span> <span class='ocrx_word' id='word_1_53' title='bbox 1192 1152 1359 1255; x_wconf 84' lang='lat' dir='ltr'>quoque</span> <span class='ocrx_word' id='word_1_54' title='bbox 1387 1148 1514 1251; x_wconf 89' lang='lat' dir='ltr'>laicis,</span> <span class='ocrx_word' id='word_1_55' title='bbox 1545 1152 1617 1259; x_wconf 91' lang='lat' dir='ltr'>qui</span> <span class='ocrx_word' id='word_1_56' title='bbox 1637 1153 1722 1260; x_wconf 89' lang='lat' dir='ltr'>pri·</span> 
     </span>
    </p>
   </div>
   <div class='ocr_carea' id='block_1_5' title="bbox 90 1277 1723 1389">
    <p class='ocr_par' dir='ltr' id='par_1_5' title="bbox 90 1277 1723 1389">
     <span class='ocr_line' id='line_1_8' title="bbox 90 1277 1723 1389; baseline 0.003 -28"><span class='ocrx_word' id='word_1_57' title='bbox 90 1278 95 1290; x_wconf 84' lang='lat'><em>&#39;</em></span> <span class='ocrx_word' id='word_1_58' title='bbox 230 1290 371 1362; x_wconf 91' lang='lat' dir='ltr'>vatam</span> <span class='ocrx_word' id='word_1_59' title='bbox 402 1277 605 1386; x_wconf 87' lang='lat' dir='ltr'>ejusmodi</span> <span class='ocrx_word' id='word_1_60' title='bbox 634 1278 784 1360; x_wconf 91' lang='lat' dir='ltr'>mentis</span> <span class='ocrx_word' id='word_1_61' title='bbox 821 1280 1133 1364; x_wconf 87' lang='lat' dir='ltr'>renovationem</span> <span class='ocrx_word' id='word_1_62' title='bbox 1170 1280 1383 1387; x_wconf 75' lang='lat' dir='ltr'>cupierint,</span> <span class='ocrx_word' id='word_1_63' title='bbox 1423 1282 1491 1389; x_wconf 90' lang='lat' dir='ltr'>pie</span> <span class='ocrx_word' id='word_1_64' title='bbox 1531 1284 1723 1365; x_wconf 88' lang='lat' dir='ltr'>consula·</span> 
     </span>
    </p>
   </div>
   <div class='ocr_carea' id='block_1_6' title="bbox 230 1410 1734 2188">
    <p class='ocr_par' dir='ltr' id='par_1_6' title="bbox 230 1410 1734 2188">
     <span class='ocr_line' id='line_1_9' title="bbox 230 1410 1734 1524; baseline 0.003 -30"><span class='ocrx_word' id='word_1_65' title='bbox 230 1441 335 1513; x_wconf 91' lang='lat' dir='ltr'>mus,</span> <span class='ocrx_word' id='word_1_66' title='bbox 367 1410 572 1524; x_wconf 89' lang='lat' dir='ltr'>Ordinum</span> <span class='ocrx_word' id='word_1_67' title='bbox 601 1411 852 1521; x_wconf 88' lang='lat' dir='ltr'>regularium</span> <span class='ocrx_word' id='word_1_68' title='bbox 881 1411 1081 1493; x_wconf 79' lang='lat' dir='ltr'>auxilium</span> <span class='ocrx_word' id='word_1_69' title='bbox 1110 1412 1154 1493; x_wconf 92' lang='lat' dir='ltr'>in</span> <span class='ocrx_word' id='word_1_70' title='bbox 1184 1413 1353 1494; x_wconf 91' lang='lat' dir='ltr'>nomine</span> <span class='ocrx_word' id='word_1_71' title='bbox 1383 1412 1555 1496; x_wconf 91' lang='lat' dir='ltr'>Domini</span> <span class='ocrx_word' id='word_1_72' title='bbox 1583 1417 1734 1524; x_wconf 83' lang='lat' dir='ltr'>requi-&#39;</span> 
     </span>
     <span class='ocr_line' id='line_1_10' title="bbox 231 1543 1721 1652; baseline 0.001 -25"><span class='ocrx_word' id='word_1_73' title='bbox 231 1545 371 1645; x_wconf 90' lang='lat' dir='ltr'>rimus,</span> <span class='ocrx_word' id='word_1_74' title='bbox 388 1543 676 1644; x_wconf 86' lang='lat' dir='ltr'>desiderantes,</span> <span class='ocrx_word' id='word_1_75' title='bbox 707 1546 817 1626; x_wconf 91' lang='lat' dir='ltr'>utin</span> <span class='ocrx_word' id='word_1_76' title='bbox 836 1544 1096 1628; x_wconf 88' lang='lat' dir='ltr'>monasteriis</span> <span class='ocrx_word' id='word_1_77' title='bbox 1116 1546 1300 1626; x_wconf 89' lang='lat' dir='ltr'>virorum</span> <span class='ocrx_word' id='word_1_78' title='bbox 1318 1546 1512 1652; x_wconf 76' lang='lat' dir='ltr'>maribus,</span> <span class='ocrx_word' id='word_1_79' title='bbox 1542 1548 1587 1628; x_wconf 91' lang='lat' dir='ltr'>in</span> <span class='ocrx_word' id='word_1_80' title='bbox 1607 1547 1721 1630; x_wconf 91' lang='lat' dir='ltr'>clau-</span> 
     </span>
     <span class='ocr_line' id='line_1_11' title="bbox 231 1669 1725 1786; baseline 0.001 -26"><span class='ocrx_word' id='word_1_81' title='bbox 231 1679 327 1760; x_wconf 90' lang='lat' dir='ltr'>stris</span> <span class='ocrx_word' id='word_1_82' title='bbox 365 1677 610 1759; x_wconf 88' lang='lat' dir='ltr'>Monialium</span> <span class='ocrx_word' id='word_1_83' title='bbox 648 1705 747 1759; x_wconf 90' lang='lat' dir='ltr'>vero</span> <span class='ocrx_word' id='word_1_84' title='bbox 786 1669 961 1778; x_wconf 85' lang='lat' dir='ltr'>feminis,</span> <span class='ocrx_word' id='word_1_85' title='bbox 1001 1687 1184 1759; x_wconf 88' lang='lat' dir='ltr'>attamen</span> <span class='ocrx_word' id='word_1_86' title='bbox 1220 1679 1321 1759; x_wconf 88' lang='lat' dir='ltr'>citra</span> <span class='ocrx_word' id='word_1_87' title='bbox 1351 1679 1581 1786; x_wconf 87' lang='lat' dir='ltr'>periculum</span> <span class='ocrx_word' id='word_1_88' title='bbox 1611 1680 1725 1762; x_wconf 90' lang='lat' dir='ltr'>clau-</span> 
     </span>
     <span class='ocr_line' id='line_1_12' title="bbox 234 1810 1725 1920; baseline 0.001 -26"><span class='ocrx_word' id='word_1_89' title='bbox 234 1840 353 1894; x_wconf 87' lang='lat' dir='ltr'>surae</span> <span class='ocrx_word' id='word_1_90' title='bbox 372 1810 439 1892; x_wconf 91' lang='lat' dir='ltr'>vel</span> <span class='ocrx_word' id='word_1_91' title='bbox 459 1811 658 1920; x_wconf 90' lang='lat' dir='ltr'>regularis</span> <span class='ocrx_word' id='word_1_92' title='bbox 679 1810 930 1920; x_wconf 83' lang='lat' dir='ltr'>disciplinae,</span> <span class='ocrx_word' id='word_1_93' title='bbox 961 1838 1121 1919; x_wconf 88' lang='lat' dir='ltr'>sacram</span> <span class='ocrx_word' id='word_1_94' title='bbox 1145 1810 1411 1894; x_wconf 87' lang='lat' dir='ltr'>solitudinem</span> <span class='ocrx_word' id='word_1_95' title='bbox 1431 1812 1654 1920; x_wconf 88' lang='lat' dir='ltr'>quaerendi</span> <span class='ocrx_word' id='word_1_96' title='bbox 1684 1826 1725 1895; x_wconf 91' lang='lat' dir='ltr'>et</span> 
     </span>
     <span class='ocr_line' id='line_1_13' title="bbox 232 1943 1723 2052; baseline 0.001 -26"><span class='ocrx_word' id='word_1_97' title='bbox 232 1943 467 2026; x_wconf 90' lang='lat' dir='ltr'>inveniendi</span> <span class='ocrx_word' id='word_1_98' title='bbox 498 1944 660 2052; x_wconf 79' lang='lat' dir='ltr'>occasio</span> <span class='ocrx_word' id='word_1_99' title='bbox 681 1944 936 2052; x_wconf 81' lang='lat' dir='ltr'>praebeatur,</span> <span class='ocrx_word' id='word_1_100' title='bbox 966 1943 1171 2052; x_wconf 89' lang='lat' dir='ltr'>simulque</span> <span class='ocrx_word' id='word_1_101' title='bbox 1199 1945 1311 2026; x_wconf 90' lang='lat' dir='ltr'>hunc</span> <span class='ocrx_word' id='word_1_102' title='bbox 1340 1944 1385 2025; x_wconf 89' lang='lat' dir='ltr'>in</span> <span class='ocrx_word' id='word_1_103' title='bbox 1413 1943 1540 2027; x_wconf 90' lang='lat' dir='ltr'>finem</span> <span class='ocrx_word' id='word_1_104' title='bbox 1568 1947 1723 2028; x_wconf 88' lang='lat' dir='ltr'>exerei-</span> 
     </span>
     <span class='ocr_line' id='line_1_14' title="bbox 232 2070 1658 2188; baseline 0 -29"><span class='ocrx_word' id='word_1_105' title='bbox 232 2079 385 2160; x_wconf 87' lang='lat' dir='ltr'>tiomm</span> <span class='ocrx_word' id='word_1_106' title='bbox 412 2070 610 2188; x_wconf 86' lang='lat' dir='ltr'>magister</span> <span class='ocrx_word' id='word_1_107' title='bbox 640 2105 712 2159; x_wconf 88' lang='lat' dir='ltr'>seu</span> <span class='ocrx_word' id='word_1_108' title='bbox 734 2087 851 2185; x_wconf 91' lang='lat' dir='ltr'>pater</span> <span class='ocrx_word' id='word_1_109' title='bbox 875 2076 1098 2185; x_wconf 89' lang='lat' dir='ltr'>spiritualis</span> <span class='ocrx_word' id='word_1_110' title='bbox 1123 2076 1278 2159; x_wconf 91' lang='lat' dir='ltr'>ibidem</span> <span class='ocrx_word' id='word_1_111' title='bbox 1303 2077 1347 2158; x_wconf 92' lang='lat' dir='ltr'>in</span> <span class='ocrx_word' id='word_1_112' title='bbox 1373 2087 1570 2188; x_wconf 93' lang='lat' dir='ltr'>promptu</span> <span class='ocrx_word' id='word_1_113' title='bbox 1594 2079 1658 2161; x_wconf 88' lang='lat' dir='ltr'>sit.</span> 
     </span>
    </p>
   </div>
   <div class='ocr_carea' id='block_1_7' title="bbox 658 2321 1299 2594">
    <p class='ocr_par' dir='ltr' id='par_1_7' title="bbox 658 2321 1299 2594">
     <span class='ocr_line' id='line_1_15' title="bbox 829 2321 1126 2407; baseline -0.007 0"><span class='ocrx_word' id='word_1_114' title='bbox 829 2321 1021 2407; x_wconf 80' lang='lat' dir='ltr'><strong>CAPUT</strong></span> <span class='ocrx_word' id='word_1_115' title='bbox 1050 2321 1126 2405; x_wconf 81' lang='lat' dir='ltr'>XI.</span> 
     </span>
     <span class='ocr_line' id='line_1_16' title="bbox 658 2510 1299 2594; baseline 0.002 -2"><span class='ocrx_word' id='word_1_116' title='bbox 658 2514 729 2592; x_wconf 91' lang='lat' dir='ltr'>De</span> <span class='ocrx_word' id='word_1_117' title='bbox 759 2511 1017 2594; x_wconf 84' lang='lat' dir='ltr'>christiana</span> <span class='ocrx_word' id='word_1_118' title='bbox 1046 2510 1299 2593; x_wconf 73' lang='lat' dir='ltr'>charitate.</span> 
     </span>
    </p>
   </div>
   <div class='ocr_carea' id='block_1_8' title="bbox 211 2721 1725 2963">
    <p class='ocr_par' dir='ltr' id='par_1_8' title="bbox 211 2721 1725 2963">
     <span class='ocr_line' id='line_1_17' title="bbox 211 2721 1724 2832; baseline -0.001 -26"><span class='ocrx_word' id='word_1_119' title='bbox 211 2731 218 2743; x_wconf 83' lang='lat'>‘</span> <span class='ocrx_word' id='word_1_120' title='bbox 353 2722 493 2824; x_wconf 86' lang='lat' dir='ltr'>„Finis</span> <span class='ocrx_word' id='word_1_121' title='bbox 521 2723 731 2832; x_wconf 84' lang='lat' dir='ltr'>praecepti</span> <span class='ocrx_word' id='word_1_122' title='bbox 760 2732 822 2804; x_wconf 88' lang='lat' dir='ltr'>est</span> <span class='ocrx_word' id='word_1_123' title='bbox 851 2722 1028 2803; x_wconf 89' lang='lat' dir='ltr'>charitas</span> <span class='ocrx_word' id='word_1_124' title='bbox 1059 2721 1110 2803; x_wconf 93' lang='lat' dir='ltr'>de</span> <span class='ocrx_word' id='word_1_125' title='bbox 1140 2721 1263 2803; x_wconf 90' lang='lat' dir='ltr'>corde</span> <span class='ocrx_word' id='word_1_126' title='bbox 1282 2750 1387 2830; x_wconf 88' lang='lat' dir='ltr'>pmo</span> <span class='ocrx_word' id='word_1_127' title='bbox 1409 2733 1450 2804; x_wconf 91' lang='lat' dir='ltr'>et</span> <span class='ocrx_word' id='word_1_128' title='bbox 1470 2721 1724 2804; x_wconf 90' lang='lat' dir='ltr'>conscientia</span> 
     </span>
     <span class='ocr_line' id='line_1_18' title="bbox 232 2853 1725 2963; baseline -0.002 -23"><span class='ocrx_word' id='word_1_129' title='bbox 232 2857 344 2940; x_wconf 92' lang='lat' dir='ltr'>bona</span> <span class='ocrx_word' id='word_1_130' title='bbox 364 2867 405 2939; x_wconf 90' lang='lat' dir='ltr'>et</span> <span class='ocrx_word' id='word_1_131' title='bbox 424 2855 506 2937; x_wconf 90' lang='lat' dir='ltr'>fide</span> <span class='ocrx_word' id='word_1_132' title='bbox 526 2883 611 2936; x_wconf 90' lang='lat' dir='ltr'>non</span> <span class='ocrx_word' id='word_1_133' title='bbox 640 2855 786 2961; x_wconf 85' lang='lat' dir='ltr'>ficta“;</span> <span class='ocrx_word' id='word_1_134' title='bbox 819 2881 925 2962; x_wconf 91' lang='lat' dir='ltr'>quae</span> <span class='ocrx_word' id='word_1_135' title='bbox 944 2863 1084 2934; x_wconf 89' lang='lat' dir='ltr'>autem</span> <span class='ocrx_word' id='word_1_136' title='bbox 1104 2855 1270 2937; x_wconf 90' lang='lat' dir='ltr'>nonnisi</span> <span class='ocrx_word' id='word_1_137' title='bbox 1289 2883 1363 2962; x_wconf 92' lang='lat' dir='ltr'>per</span> <span class='ocrx_word' id='word_1_138' title='bbox 1384 2853 1584 2963; x_wconf 82' lang='lat' dir='ltr'>Spiritum</span> <span class='ocrx_word' id='word_1_139' title='bbox 1602 2882 1725 2937; x_wconf 91' lang='lat' dir='ltr'>sanc·</span> 
     </span>
    </p>
   </div>
   <div class='ocr_carea' id='block_1_9' title="bbox 232 2983 1848 3071">
    <p class='ocr_par' dir='ltr' id='par_1_9' title="bbox 232 2983 1848 3071">
     <span class='ocr_line' id='line_1_19' title="bbox 232 2983 1848 3071; baseline -0.001 0"><span class='ocrx_word' id='word_1_140' title='bbox 232 2999 322 3071; x_wconf 89' lang='lat' dir='ltr'>tum</span> <span class='ocrx_word' id='word_1_141' title='bbox 352 2987 594 3070; x_wconf 84' lang='lat' dir='ltr'>diffimditur</span> <span class='ocrx_word' id='word_1_142' title='bbox 623 2988 666 3068; x_wconf 91' lang='lat' dir='ltr'>in</span> <span class='ocrx_word' id='word_1_143' title='bbox 703 2986 846 3069; x_wconf 89' lang='lat' dir='ltr'>orbem</span> <span class='ocrx_word' id='word_1_144' title='bbox 886 2999 1097 3068; x_wconf 88' lang='lat' dir='ltr'>terrarum.</span> <span class='ocrx_word' id='word_1_145' title='bbox 1116 2983 1149 3067; x_wconf 87' lang='lat'>1)</span> <span class='ocrx_word' id='word_1_146' title='bbox 1209 2986 1303 3068; x_wconf 94' lang='lat' dir='ltr'>Hac</span> <span class='ocrx_word' id='word_1_147' title='bbox 1342 2986 1487 3069; x_wconf 90' lang='lat' dir='ltr'>eadem</span> <span class='ocrx_word' id='word_1_148' title='bbox 1526 2987 1726 3070; x_wconf 85' lang='lat' dir='ltr'>charitate</span> <span class='ocrx_word' id='word_1_149' title='bbox 1845 3003 1848 3011; x_wconf 86' lang='lat'>&#39;</span> 
     </span>
    </p>
   </div>
   <div class='ocr_carea' id='block_1_10' title="bbox 232 3116 1727 4161">
    <p class='ocr_par' dir='ltr' id='par_1_10' title="bbox 232 3116 1727 4161">
     <span class='ocr_line' id='line_1_20' title="bbox 233 3116 1724 3235; baseline 0.001 -32"><span class='ocrx_word' id='word_1_150' title='bbox 233 3122 347 3203; x_wconf 88' lang='lat' dir='ltr'>caelo</span> <span class='ocrx_word' id='word_1_151' title='bbox 377 3131 485 3202; x_wconf 92' lang='lat' dir='ltr'>terra</span> <span class='ocrx_word' id='word_1_152' title='bbox 521 3120 708 3219; x_wconf 85' lang='lat' dir='ltr'>nectitur,</span> <span class='ocrx_word' id='word_1_153' title='bbox 739 3129 780 3200; x_wconf 91' lang='lat' dir='ltr'>et</span> <span class='ocrx_word' id='word_1_154' title='bbox 808 3120 939 3235; x_wconf 87' lang='lat' dir='ltr'>renati</span> <span class='ocrx_word' id='word_1_155' title='bbox 969 3120 1013 3200; x_wconf 88' lang='lat' dir='ltr'>in</span> <span class='ocrx_word' id='word_1_156' title='bbox 1043 3116 1209 3203; x_wconf 81' lang='lat' dir='ltr'>Christo</span> <span class='ocrx_word' id='word_1_157' title='bbox 1240 3119 1524 3202; x_wconf 88' lang='lat' dir='ltr'>coadunantur</span> <span class='ocrx_word' id='word_1_158' title='bbox 1554 3131 1596 3203; x_wconf 91' lang='lat' dir='ltr'>et</span> <span class='ocrx_word' id='word_1_159' title='bbox 1625 3147 1724 3205; x_wconf 85' lang='lat' dir='ltr'>coa-</span> 
     </span>
     <span class='ocr_line' id='line_1_21' title="bbox 232 3251 1727 3355; baseline -0.002 -17"><span class='ocrx_word' id='word_1_160' title='bbox 232 3257 402 3355; x_wconf 90' lang='lat' dir='ltr'>lescunt,</span> <span class='ocrx_word' id='word_1_161' title='bbox 440 3264 487 3335; x_wconf 95' lang='lat' dir='ltr'>ut</span> <span class='ocrx_word' id='word_1_162' title='bbox 523 3252 797 3334; x_wconf 84' lang='lat' dir='ltr'>multitudinis</span> <span class='ocrx_word' id='word_1_163' title='bbox 838 3251 1091 3334; x_wconf 89' lang='lat' dir='ltr'>credentium</span> <span class='ocrx_word' id='word_1_164' title='bbox 1137 3254 1190 3334; x_wconf 88' lang='lat' dir='ltr'>sit</span> <span class='ocrx_word' id='word_1_165' title='bbox 1226 3281 1297 3334; x_wconf 89' lang='lat' dir='ltr'>cor</span> <span class='ocrx_word' id='word_1_166' title='bbox 1336 3281 1468 3332; x_wconf 93' lang='lat' dir='ltr'>unum</span> <span class='ocrx_word' id='word_1_167' title='bbox 1506 3263 1547 3335; x_wconf 93' lang='lat' dir='ltr'>et</span> <span class='ocrx_word' id='word_1_168' title='bbox 1586 3252 1727 3334; x_wconf 89' lang='lat' dir='ltr'>anima</span> 
     </span>
     <span class='ocr_line' id='line_1_22' title="bbox 232 3384 1726 3496; baseline -0.003 -25"><span class='ocrx_word' id='word_1_169' title='bbox 232 3417 327 3471; x_wconf 88' lang='lat' dir='ltr'>una.</span> <span class='ocrx_word' id='word_1_170' title='bbox 389 3385 597 3486; x_wconf 80' lang='lat' dir='ltr'>Quoniam</span> <span class='ocrx_word' id='word_1_171' title='bbox 620 3416 723 3469; x_wconf 78' lang='lat' dir='ltr'>uero</span> <span class='ocrx_word' id='word_1_172' title='bbox 755 3397 961 3468; x_wconf 90' lang='lat' dir='ltr'>crescente</span> <span class='ocrx_word' id='word_1_173' title='bbox 991 3388 1034 3468; x_wconf 91' lang='lat' dir='ltr'>in</span> <span class='ocrx_word' id='word_1_174' title='bbox 1065 3386 1152 3468; x_wconf 88' lang='lat' dir='ltr'>dies</span> <span class='ocrx_word' id='word_1_175' title='bbox 1187 3386 1309 3496; x_wconf 89' lang='lat' dir='ltr'>hujus</span> <span class='ocrx_word' id='word_1_176' title='bbox 1340 3385 1492 3468; x_wconf 89' lang='lat' dir='ltr'>saeculi</span> <span class='ocrx_word' id='word_1_177' title='bbox 1531 3384 1726 3494; x_wconf 87' lang='lat' dir='ltr'>superbia</span> 
     </span>
     <span class='ocr_line' id='line_1_23' title="bbox 232 3517 1723 3631; baseline -0.004 -26"><span class='ocrx_word' id='word_1_178' title='bbox 232 3552 283 3605; x_wconf 91' lang='lat' dir='ltr'>ac</span> <span class='ocrx_word' id='word_1_179' title='bbox 321 3520 490 3605; x_wconf 89' lang='lat' dir='ltr'>libidine</span> <span class='ocrx_word' id='word_1_180' title='bbox 529 3521 755 3602; x_wconf 91' lang='lat' dir='ltr'>multorum</span> <span class='ocrx_word' id='word_1_181' title='bbox 792 3518 1018 3631; x_wconf 86' lang='lat' dir='ltr'>refrigescit</span> <span class='ocrx_word' id='word_1_182' title='bbox 1047 3520 1244 3601; x_wconf 90' lang='lat' dir='ltr'>charitas:</span> <span class='ocrx_word' id='word_1_183' title='bbox 1277 3517 1472 3630; x_wconf 86' lang='lat' dir='ltr'>Synodus</span> <span class='ocrx_word' id='word_1_184' title='bbox 1501 3517 1615 3620; x_wconf 91' lang='lat' dir='ltr'>haec,</span> <span class='ocrx_word' id='word_1_185' title='bbox 1646 3546 1723 3629; x_wconf 84' lang='lat' dir='ltr'>ag·</span> 
     </span>
     <span class='ocr_line' id='line_1_24' title="bbox 234 3650 1724 3765; baseline -0.003 -28"><span class='ocrx_word' id='word_1_186' title='bbox 234 3683 411 3738; x_wconf 90' lang='lat' dir='ltr'>noscens</span> <span class='ocrx_word' id='word_1_187' title='bbox 441 3683 537 3736; x_wconf 90' lang='lat' dir='ltr'>cum</span> <span class='ocrx_word' id='word_1_188' title='bbox 566 3655 734 3765; x_wconf 87' lang='lat' dir='ltr'>egregio</span> <span class='ocrx_word' id='word_1_189' title='bbox 764 3653 951 3763; x_wconf 87' lang='lat' dir='ltr'>gentium</span> <span class='ocrx_word' id='word_1_190' title='bbox 980 3652 1173 3753; x_wconf 88' lang='lat' dir='ltr'>Doctore,</span> <span class='ocrx_word' id='word_1_191' title='bbox 1211 3652 1472 3734; x_wconf 89' lang='lat' dir='ltr'>dilectionem</span> <span class='ocrx_word' id='word_1_192' title='bbox 1500 3679 1589 3735; x_wconf 89' lang='lat' dir='ltr'>esse</span> <span class='ocrx_word' id='word_1_193' title='bbox 1619 3650 1724 3762; x_wconf 91' lang='lat' dir='ltr'>legis</span> 
     </span>
     <span class='ocr_line' id='line_1_25' title="bbox 232 3779 1726 3898; baseline -0.003 -28"><span class='ocrx_word' id='word_1_194' title='bbox 232 3787 533 3898; x_wconf 87' lang='lat' dir='ltr'>plenitudinem</span> <span class='ocrx_word' id='word_1_195' title='bbox 563 3797 604 3868; x_wconf 92' lang='lat' dir='ltr'>et</span> <span class='ocrx_word' id='word_1_196' title='bbox 633 3786 873 3868; x_wconf 83' lang='lat' dir='ltr'>charitatem</span> <span class='ocrx_word' id='word_1_197' title='bbox 912 3785 1125 3868; x_wconf 86' lang='lat' dir='ltr'>vinculum</span> <span class='ocrx_word' id='word_1_198' title='bbox 1164 3785 1437 3894; x_wconf 88' lang='lat' dir='ltr'>perfectionis,</span> <span class='ocrx_word' id='word_1_199' title='bbox 1467 3779 1501 3864; x_wconf 78' lang='grc'>2)</span> <span class='ocrx_word' id='word_1_200' title='bbox 1531 3811 1726 3866; x_wconf 90' lang='lat' dir='ltr'>necnon</span> 
     </span>
     <span class='ocr_line' id='line_1_26' title="bbox 233 3916 1724 4028; baseline -0.002 -27"><span class='ocrx_word' id='word_1_201' title='bbox 233 3930 486 4019; x_wconf 90' lang='lat' dir='ltr'>cunctorum,</span> <span class='ocrx_word' id='word_1_202' title='bbox 518 3919 669 4028; x_wconf 87' lang='lat' dir='ltr'>quibus</span> <span class='ocrx_word' id='word_1_203' title='bbox 707 3919 943 4027; x_wconf 89' lang='lat' dir='ltr'>premimur,</span> <span class='ocrx_word' id='word_1_204' title='bbox 983 3916 1188 4000; x_wconf 87' lang='lat' dir='ltr'>malorum</span> <span class='ocrx_word' id='word_1_205' title='bbox 1219 3918 1468 4001; x_wconf 91' lang='lat' dir='ltr'>remedium:</span> <span class='ocrx_word' id='word_1_206' title='bbox 1509 3917 1724 4028; x_wconf 89' lang='lat' dir='ltr'>sequentia</span> 
     </span>
     <span class='ocr_line' id='line_1_27' title="bbox 233 4051 999 4161; baseline -0.005 -26"><span class='ocrx_word' id='word_1_207' title='bbox 233 4054 277 4135; x_wconf 92' lang='lat' dir='ltr'>in</span> <span class='ocrx_word' id='word_1_208' title='bbox 315 4052 499 4135; x_wconf 91' lang='lat' dir='ltr'>Domino</span> <span class='ocrx_word' id='word_1_209' title='bbox 529 4062 671 4134; x_wconf 89' lang='lat' dir='ltr'>monet</span> <span class='ocrx_word' id='word_1_210' title='bbox 701 4081 751 4134; x_wconf 90' lang='lat' dir='ltr'>ac</span> <span class='ocrx_word' id='word_1_211' title='bbox 778 4051 999 4161; x_wconf 85' lang='lat' dir='ltr'>praecipit:</span> 
     </span>
    </p>
   </div>
   <div class='ocr_carea' id='block_1_11' title="bbox 232 4214 1726 4990">
    <p class='ocr_par' dir='ltr' id='par_1_11' title="bbox 232 4214 1726 4990">
     <span class='ocr_line' id='line_1_28' title="bbox 355 4214 1725 4326; baseline -0.001 -26"><span class='ocrx_word' id='word_1_212' title='bbox 355 4224 390 4299; x_wconf 90' lang='grc'>1.</span> <span class='ocrx_word' id='word_1_213' title='bbox 432 4217 490 4300; x_wconf 92' lang='lat' dir='ltr'>Ut</span> <span class='ocrx_word' id='word_1_214' title='bbox 519 4245 618 4326; x_wconf 88' lang='lat' dir='ltr'>prae</span> <span class='ocrx_word' id='word_1_215' title='bbox 658 4217 800 4299; x_wconf 83' lang='lat' dir='ltr'>ceteris</span> <span class='ocrx_word' id='word_1_216' title='bbox 838 4216 1036 4299; x_wconf 87' lang='lat' dir='ltr'>charitate</span> <span class='ocrx_word' id='word_1_217' title='bbox 1066 4214 1146 4297; x_wconf 93' lang='lat' dir='ltr'>Dei</span> <span class='ocrx_word' id='word_1_218' title='bbox 1184 4216 1419 4324; x_wconf 85' lang='lat' dir='ltr'>repleantur</span> <span class='ocrx_word' id='word_1_219' title='bbox 1456 4214 1583 4298; x_wconf 91' lang='lat' dir='ltr'>corda</span> <span class='ocrx_word' id='word_1_220' title='bbox 1620 4214 1725 4298; x_wconf 88' lang='lat' dir='ltr'>fide-</span> 
     </span>
     <span class='ocr_line' id='line_1_29' title="bbox 232 4348 1725 4459; baseline -0.003 -23"><span class='ocrx_word' id='word_1_221' title='bbox 232 4355 349 4452; x_wconf 92' lang='lat' dir='ltr'>lium,</span> <span class='ocrx_word' id='word_1_222' title='bbox 380 4379 507 4459; x_wconf 92' lang='lat' dir='ltr'>quam</span> <span class='ocrx_word' id='word_1_223' title='bbox 536 4349 728 4432; x_wconf 88' lang='lat' dir='ltr'>videlicet</span> <span class='ocrx_word' id='word_1_224' title='bbox 756 4350 937 4458; x_wconf 91' lang='lat' dir='ltr'>primum</span> <span class='ocrx_word' id='word_1_225' title='bbox 968 4359 1009 4430; x_wconf 84' lang='lat' dir='ltr'>et</span> <span class='ocrx_word' id='word_1_226' title='bbox 1037 4349 1266 4431; x_wconf 84' lang='lat' dir='ltr'>maximum</span> <span class='ocrx_word' id='word_1_227' title='bbox 1294 4348 1549 4448; x_wconf 88' lang='lat' dir='ltr'>mandatum,</span> <span class='ocrx_word' id='word_1_228' title='bbox 1581 4359 1622 4431; x_wconf 89' lang='lat' dir='ltr'>et</span> <span class='ocrx_word' id='word_1_229' title='bbox 1659 4348 1725 4431; x_wconf 93' lang='lat' dir='ltr'>in-</span> 
     </span>
     <span class='ocr_line' id='line_1_30' title="bbox 234 4479 1724 4595; baseline -0.006 -25"><span class='ocrx_word' id='word_1_230' title='bbox 234 4487 481 4570; x_wconf 88' lang='lat' dir='ltr'>exhaustum</span> <span class='ocrx_word' id='word_1_231' title='bbox 498 4485 714 4595; x_wconf 84' lang='lat' dir='ltr'>&#39;genuinae</span> <span class='ocrx_word' id='word_1_232' title='bbox 745 4483 975 4566; x_wconf 85' lang='lat' dir='ltr'>dilectionis</span> <span class='ocrx_word' id='word_1_233' title='bbox 1003 4481 1205 4564; x_wconf 79' lang='lat' dir='ltr'>t‘ratemae</span> <span class='ocrx_word' id='word_1_234' title='bbox 1242 4481 1400 4564; x_wconf 90' lang='lat' dir='ltr'>fontem</span> <span class='ocrx_word' id='word_1_235' title='bbox 1431 4509 1519 4564; x_wconf 90' lang='lat' dir='ltr'>esse</span> <span class='ocrx_word' id='word_1_236' title='bbox 1555 4479 1724 4589; x_wconf 87' lang='lat' dir='ltr'>profite-</span> 
     </span>
     <span class='ocr_line' id='line_1_31' title="bbox 232 4614 1726 4728; baseline -0.005 -26"><span class='ocrx_word' id='word_1_237' title='bbox 232 4648 341 4702; x_wconf 92' lang='lat' dir='ltr'>mur:</span> <span class='ocrx_word' id='word_1_238' title='bbox 372 4630 558 4728; x_wconf 85' lang='lat' dir='ltr'>pastores</span> <span class='ocrx_word' id='word_1_239' title='bbox 587 4618 819 4700; x_wconf 89' lang='lat' dir='ltr'>animarum</span> <span class='ocrx_word' id='word_1_240' title='bbox 848 4617 1049 4727; x_wconf 89' lang='lat' dir='ltr'>imprimis</span> <span class='ocrx_word' id='word_1_241' title='bbox 1077 4617 1157 4723; x_wconf 87' lang='lat' dir='ltr'>ipsi</span> <span class='ocrx_word' id='word_1_242' title='bbox 1186 4616 1445 4700; x_wconf 89' lang='lat' dir='ltr'>sanctissimo</span> <span class='ocrx_word' id='word_1_243' title='bbox 1476 4614 1555 4696; x_wconf 90' lang='lat' dir='ltr'>Dei</span> <span class='ocrx_word' id='word_1_244' title='bbox 1582 4641 1726 4710; x_wconf 82' lang='lat' dir='ltr'>amore</span> 
     </span>
     <span class='ocr_line' id='line_1_32' title="bbox 234 4745 1722 4860; baseline -0.005 -26"><span class='ocrx_word' id='word_1_245' title='bbox 234 4752 431 4851; x_wconf 85' lang='lat' dir='ltr'>succensi,</span> <span class='ocrx_word' id='word_1_246' title='bbox 477 4752 618 4860; x_wconf 91' lang='lat' dir='ltr'>ignem</span> <span class='ocrx_word' id='word_1_247' title='bbox 647 4750 760 4832; x_wconf 91' lang='lat' dir='ltr'>hunc</span> <span class='ocrx_word' id='word_1_248' title='bbox 790 4749 1008 4833; x_wconf 83' lang='lat' dir='ltr'>caelestem</span> <span class='ocrx_word' id='word_1_249' title='bbox 1039 4749 1305 4832; x_wconf 87' lang='lat' dir='ltr'>solertissimo</span> <span class='ocrx_word' id='word_1_250' title='bbox 1336 4748 1473 4832; x_wconf 89' lang='lat' dir='ltr'>studio</span> <span class='ocrx_word' id='word_1_251' title='bbox 1503 4748 1546 4830; x_wconf 91' lang='lat' dir='ltr'>in</span> <span class='ocrx_word' id='word_1_252' title='bbox 1586 4745 1722 4829; x_wconf 87' lang='lat' dir='ltr'>cordi-</span> 
     </span>
     <span class='ocr_line' id='line_1_33' title="bbox 233 4878 1724 4990; baseline -0.003 -22"><span class='ocrx_word' id='word_1_253' title='bbox 233 4885 312 4968; x_wconf 86' lang='lat' dir='ltr'>bus</span> <span class='ocrx_word' id='word_1_254' title='bbox 341 4884 426 4967; x_wconf 87' lang='lat' dir='ltr'>suis</span> <span class='ocrx_word' id='word_1_255' title='bbox 455 4885 657 4987; x_wconf 81' lang='lat' dir='ltr'>nutriant3</span> <span class='ocrx_word' id='word_1_256' title='bbox 694 4882 886 4965; x_wconf 89' lang='lat' dir='ltr'>fidelibus</span> <span class='ocrx_word' id='word_1_257' title='bbox 915 4893 1054 4964; x_wconf 87' lang='lat' dir='ltr'>autem</span> <span class='ocrx_word' id='word_1_258' title='bbox 1084 4881 1247 4964; x_wconf 92' lang='lat' dir='ltr'>divinae</span> <span class='ocrx_word' id='word_1_259' title='bbox 1276 4881 1399 4990; x_wconf 89' lang='lat' dir='ltr'>hujus</span> <span class='ocrx_word' id='word_1_260' title='bbox 1427 4882 1589 4964; x_wconf 85' lang='lat' dir='ltr'>virtutis</span> <span class='ocrx_word' id='word_1_261' title='bbox 1629 4878 1724 4990; x_wconf 87' lang='lat' dir='ltr'>dig·</span> 
     </span>
    </p>
   </div>
   <div class='ocr_carea' id='block_1_12' title="bbox 285 5072 1551 5207">
    <p class='ocr_par' dir='ltr' id='par_1_12' title="bbox 285 5072 1551 5207">
     <span class='ocr_line' id='line_1_34' title="bbox 285 5072 1551 5207; baseline 0 -31"><span class='ocrx_word' id='word_1_262' title='bbox 285 5113 306 5198; x_wconf 82' lang='grc' dir='ltr'>Ι)</span> <span class='ocrx_word' id='word_1_263' title='bbox 330 5072 357 5176; x_wconf 81' lang='lat'>1.</span> <span class='ocrx_word' id='word_1_264' title='bbox 379 5111 462 5177; x_wconf 80' lang='lat' dir='ltr'>nm.</span> <span class='ocrx_word' id='word_1_265' title='bbox 487 5113 515 5177; x_wconf 87' lang='lat'>1.</span> <span class='ocrx_word' id='word_1_266' title='bbox 538 5113 587 5195; x_wconf 78' lang='lat' dir='ltr'>a.;</span> <span class='ocrx_word' id='word_1_267' title='bbox 609 5110 720 5177; x_wconf 78' lang='lat' dir='ltr'>confer</span> <span class='ocrx_word' id='word_1_268' title='bbox 742 5111 833 5176; x_wconf 77' lang='lat' dir='ltr'>som.</span> <span class='ocrx_word' id='word_1_269' title='bbox 855 5111 885 5177; x_wconf 78' lang='lat' dir='ltr'>a.</span> <span class='ocrx_word' id='word_1_270' title='bbox 906 5111 937 5177; x_wconf 82' lang='lat' dir='ltr'>a.</span> <span class='ocrx_word' id='word_1_271' title='bbox 982 5109 1010 5196; x_wconf 77' lang='lat'>²)</span> <span class='ocrx_word' id='word_1_272' title='bbox 1032 5109 1123 5175; x_wconf 71' lang='lat' dir='ltr'>nom.</span> <span class='ocrx_word' id='word_1_273' title='bbox 1149 5110 1197 5175; x_wconf 84' lang='lat'>13.</span> <span class='ocrx_word' id='word_1_274' title='bbox 1222 5108 1282 5207; x_wconf 82' lang='lat' dir='ltr'>ro,</span> <span class='ocrx_word' id='word_1_275' title='bbox 1305 5108 1478 5194; x_wconf 71' lang='lat' dir='ltr'>anan,</span> <span class='ocrx_word' id='word_1_276' title='bbox 1502 5111 1551 5176; x_wconf 81' lang='lat'>14.</span> 
     </span>
    </p>
   </div>
   <div class='ocr_carea' id='block_1_13' title="bbox 0 0 1987 5956">
    <p class='ocr_par' dir='ltr' id='par_1_13' title="bbox 0 0 1987 5956">
     <span class='ocr_line' id='line_1_35' title="bbox 0 0 1987 5956; baseline 0 0"><span class='ocrx_word' id='word_1_277' title='bbox 0 0 1987 5956; x_wconf 95' lang='lat' dir='ltr'> </span> 
     </span>
    </p>
   </div>
  </div>
 </body>
</html>
