<?xml version="1.0" encoding="UTF-8"?>
<!DOCTYPE html PUBLIC "-//W3C//DTD XHTML 1.0 Transitional//EN"
    "http://www.w3.org/TR/xhtml1/DTD/xhtml1-transitional.dtd">
<html xmlns="http://www.w3.org/1999/xhtml" xml:lang="en" lang="en">
 <head>
  <title>
</title>
<meta http-equiv="Content-Type" content="text/html;charset=utf-8" />
  <meta name='ocr-system' content='tesseract 3.04.00' />
  <meta name='ocr-capabilities' content='ocr_page ocr_carea ocr_par ocr_line ocrx_word'/>
</head>
<body>
  <div class='ocr_page' id='page_1' title='image "actaetdecretaco00schwgoog_0050.png"; bbox 0 0 3960 5956; ppageno 0'>
   <div class='ocr_carea' id='block_1_1' title="bbox 486 561 1398 638">
    <p class='ocr_par' dir='ltr' id='par_1_1' title="bbox 486 561 1398 638">
     <span class='ocr_line' id='line_1_1' title="bbox 486 561 1398 638; baseline -0.002 -12"><span class='ocrx_word' id='word_1_1' title='bbox 486 563 670 626; x_wconf 83' lang='lat' dir='ltr'><strong>Deorotum</strong></span> <span class='ocrx_word' id='word_1_2' title='bbox 689 561 887 624; x_wconf 82' lang='lat' dir='ltr'><strong>indictionis</strong></span> <span class='ocrx_word' id='word_1_3' title='bbox 906 563 1025 625; x_wconf 83' lang='lat' dir='ltr'><strong>tertiae</strong></span> <span class='ocrx_word' id='word_1_4' title='bbox 1046 561 1212 625; x_wconf 72' lang='lat' dir='ltr'><strong>sessionis</strong></span> <span class='ocrx_word' id='word_1_5' title='bbox 1232 562 1398 638; x_wconf 82' lang='lat' dir='ltr'><strong>publicas.</strong></span> 
     </span>
    </p>
   </div>
   <div class='ocr_carea' id='block_1_2' title="bbox 147 721 1688 1242">
    <p class='ocr_par' dir='ltr' id='par_1_2' title="bbox 194 721 1686 919">
     <span class='ocr_line' id='line_1_2' title="bbox 293 721 1686 837; baseline 0 -49"><span class='ocrx_word' id='word_1_6' title='bbox 293 725 494 800; x_wconf 69' lang='lat' dir='ltr'><strong>Fridericus,</strong></span> <span class='ocrx_word' id='word_1_7' title='bbox 516 723 549 790; x_wconf 92' lang='lat' dir='ltr'><strong>S.</strong></span> <span class='ocrx_word' id='word_1_8' title='bbox 571 723 610 788; x_wconf 87' lang='lat' dir='ltr'><strong>R.</strong></span> <span class='ocrx_word' id='word_1_9' title='bbox 631 723 670 788; x_wconf 90' lang='lat' dir='ltr'><strong>E.</strong></span> <span class='ocrx_word' id='word_1_10' title='bbox 693 721 874 788; x_wconf 88' lang='lat' dir='ltr'><strong>Cardinalis</strong></span> <span class='ocrx_word' id='word_1_11' title='bbox 902 722 1186 810; x_wconf 84' lang='lat' dir='ltr'><strong>Schwarnenberg,</strong></span> <span class='ocrx_word' id='word_1_12' title='bbox 1218 724 1388 791; x_wconf 79' lang='lat' dir='ltr'><strong>Ecclesiae</strong></span> <span class='ocrx_word' id='word_1_13' title='bbox 1420 723 1686 837; x_wconf 86' lang='lat' dir='ltr'><strong>Metropolitanae</strong></span> 
     </span>
     <span class='ocr_line' id='line_1_3' title="bbox 194 831 677 919; baseline 0 -22"><span class='ocrx_word' id='word_1_14' title='bbox 194 832 373 918; x_wconf 85' lang='lat' dir='ltr'><strong>Pragensis</strong></span> <span class='ocrx_word' id='word_1_15' title='bbox 394 831 677 919; x_wconf 86' lang='lat' dir='ltr'><strong>Archiepiscopns.</strong></span> 
     </span>
    </p>

    <p class='ocr_par' dir='ltr' id='par_1_3' title="bbox 147 882 1688 1242">
     <span class='ocr_line' id='line_1_4' title="bbox 290 882 1686 1026; baseline -0.001 -22"><span class='ocrx_word' id='word_1_16' title='bbox 290 938 451 1004; x_wconf 86' lang='lat' dir='ltr'><strong>Consultis</strong></span> <span class='ocrx_word' id='word_1_17' title='bbox 474 946 507 1003; x_wconf 91' lang='lat' dir='ltr'><strong>et</strong></span> <span class='ocrx_word' id='word_1_18' title='bbox 535 938 786 1005; x_wconf 68' lang='lat' dir='ltr'><strong>assentientibus</strong></span> <span class='ocrx_word' id='word_1_19' title='bbox 817 939 1108 1005; x_wconf 87' lang='lat' dir='ltr'><strong>Reverendiseimis</strong></span> <span class='ocrx_word' id='word_1_20' title='bbox 1130 938 1353 1006; x_wconf 83' lang='lat' dir='ltr'><strong>Confratribus</strong></span> <span class='ocrx_word' id='word_1_21' title='bbox 1379 882 1549 1026; x_wconf 87' lang='lat' dir='ltr'><strong>Episcopis</strong></span> <span class='ocrx_word' id='word_1_22' title='bbox 1577 938 1686 1003; x_wconf 91' lang='lat' dir='ltr'><strong>decer·</strong></span> 
     </span>
     <span class='ocr_line' id='line_1_5' title="bbox 147 1044 1688 1134; baseline -0.002 -22"><span class='ocrx_word' id='word_1_23' title='bbox 147 1112 153 1127; x_wconf 69' lang='grc'>,</span> <span class='ocrx_word' id='word_1_24' title='bbox 193 1050 301 1112; x_wconf 73' lang='lat' dir='ltr'><strong>nimiu</strong></span> <span class='ocrx_word' id='word_1_25' title='bbox 332 1050 366 1112; x_wconf 90' lang='lat' dir='ltr'><strong>in</strong></span> <span class='ocrx_word' id='word_1_26' title='bbox 386 1048 534 1130; x_wconf 90' lang='lat' dir='ltr'><strong>Domino,</strong></span> <span class='ocrx_word' id='word_1_27' title='bbox 556 1055 592 1110; x_wconf 88' lang='lat' dir='ltr'><strong>ut</strong></span> <span class='ocrx_word' id='word_1_28' title='bbox 619 1048 714 1111; x_wconf 91' lang='lat' dir='ltr'><strong>tertia</strong></span> <span class='ocrx_word' id='word_1_29' title='bbox 745 1046 842 1131; x_wconf 90' lang='lat' dir='ltr'><strong>hujus</strong></span> <span class='ocrx_word' id='word_1_30' title='bbox 863 1044 998 1111; x_wconf 82' lang='lat' dir='ltr'><strong>Consilii</strong></span> <span class='ocrx_word' id='word_1_31' title='bbox 1020 1046 1128 1113; x_wconf 87' lang='lat' dir='ltr'><strong>Sessio</strong></span> <span class='ocrx_word' id='word_1_32' title='bbox 1149 1047 1281 1134; x_wconf 90' lang='lat' dir='ltr'><strong>publica</strong></span> <span class='ocrx_word' id='word_1_33' title='bbox 1308 1046 1489 1113; x_wconf 81' lang='lat' dir='ltr'><strong>celebretur</strong></span> <span class='ocrx_word' id='word_1_34' title='bbox 1517 1047 1688 1112; x_wconf 89' lang='lat' dir='ltr'><strong>Dominica</strong></span> 
     </span>
     <span class='ocr_line' id='line_1_6' title="bbox 177 1149 1686 1242; baseline -0.001 -24"><span class='ocrx_word' id='word_1_35' title='bbox 177 1149 286 1219; x_wconf 78' lang='lat' dir='ltr'><strong>-va</strong></span> <span class='ocrx_word' id='word_1_36' title='bbox 308 1162 380 1240; x_wconf 89' lang='lat' dir='ltr'><strong>post</strong></span> <span class='ocrx_word' id='word_1_37' title='bbox 400 1154 624 1236; x_wconf 85' lang='lat' dir='ltr'><strong>Pentecosten,</strong></span> <span class='ocrx_word' id='word_1_38' title='bbox 647 1156 812 1240; x_wconf 88' lang='lat' dir='ltr'><strong>quaeerit</strong></span> <span class='ocrx_word' id='word_1_39' title='bbox 835 1153 883 1218; x_wconf 91' lang='grc'><strong>16.</strong></span> <span class='ocrx_word' id='word_1_40' title='bbox 906 1156 1026 1218; x_wconf 85' lang='lat' dir='ltr'><strong>mensis</strong></span> <span class='ocrx_word' id='word_1_41' title='bbox 1048 1152 1257 1240; x_wconf 84' lang='lat' dir='ltr'><strong>Septembris,</strong></span> <span class='ocrx_word' id='word_1_42' title='bbox 1280 1164 1313 1219; x_wconf 87' lang='lat' dir='ltr'><strong>et</strong></span> <span class='ocrx_word' id='word_1_43' title='bbox 1333 1158 1366 1220; x_wconf 89' lang='lat' dir='ltr'><strong>in</strong></span> <span class='ocrx_word' id='word_1_44' title='bbox 1394 1175 1491 1242; x_wconf 86' lang='lat' dir='ltr'><strong>quarn</strong></span> <span class='ocrx_word' id='word_1_45' title='bbox 1519 1152 1614 1218; x_wconf 90' lang='lat' dir='ltr'><strong>simul</strong></span> <span class='ocrx_word' id='word_1_46' title='bbox 1640 1156 1686 1218; x_wconf 90' lang='lat' dir='ltr'><strong>in-</strong></span> 
     </span>
    </p>
   </div>
   <div class='ocr_carea' id='block_1_3' title="bbox 194 1239 1917 1348">
    <p class='ocr_par' dir='ltr' id='par_1_4' title="bbox 194 1239 1917 1348">
     <span class='ocr_line' id='line_1_7' title="bbox 194 1239 1917 1348; baseline -0.005 -22"><span class='ocrx_word' id='word_1_47' title='bbox 194 1261 281 1326; x_wconf 84' lang='lat' dir='ltr'><strong>cidet</strong></span> <span class='ocrx_word' id='word_1_48' title='bbox 301 1261 434 1325; x_wconf 80' lang='lat' dir='ltr'><strong>Festum</strong></span> <span class='ocrx_word' id='word_1_49' title='bbox 466 1283 492 1324; x_wconf 89' lang='grc'><strong>1.</strong></span> <span class='ocrx_word' id='word_1_50' title='bbox 514 1259 681 1325; x_wconf 83' lang='lat' dir='ltr'><strong>Ludnrilae</strong></span> <span class='ocrx_word' id='word_1_51' title='bbox 703 1260 830 1326; x_wconf 86' lang='lat' dir='ltr'><strong>Viduse</strong></span> <span class='ocrx_word' id='word_1_52' title='bbox 852 1261 1006 1346; x_wconf 85' lang='lat' dir='ltr'><strong>Martyris</strong></span> <span class='ocrx_word' id='word_1_53' title='bbox 1028 1269 1061 1324; x_wconf 91' lang='grc'><strong>11</strong></span> <span class='ocrx_word' id='word_1_54' title='bbox 1082 1260 1241 1326; x_wconf 79' lang='lat' dir='ltr'><strong>Patronus</strong></span> <span class='ocrx_word' id='word_1_55' title='bbox 1263 1262 1378 1348; x_wconf 82' lang='lat' dir='ltr'><strong>Regni.</strong></span> <span class='ocrx_word' id='word_1_56' title='bbox 1422 1262 1530 1343; x_wconf 83' lang='lat' dir='ltr'><strong>Quam</strong></span> <span class='ocrx_word' id='word_1_57' title='bbox 1557 1261 1633 1327; x_wconf 93' lang='lat' dir='ltr'><strong>dum</strong></span> <span class='ocrx_word' id='word_1_58' title='bbox 1654 1264 1688 1324; x_wconf 93' lang='lat' dir='ltr'><strong>in</strong></span> <span class='ocrx_word' id='word_1_59' title='bbox 1762 1272 1767 1282; x_wconf 86' lang='lat'><strong><em>‘</em></strong></span> <span class='ocrx_word' id='word_1_60' title='bbox 1910 1239 1917 1247; x_wconf 61' lang='grc'><em>’</em></span> 
     </span>
    </p>
   </div>
   <div class='ocr_carea' id='block_1_4' title="bbox 193 1367 1690 1972">
    <p class='ocr_par' dir='ltr' id='par_1_5' title="bbox 193 1367 1690 1758">
     <span class='ocr_line' id='line_1_8' title="bbox 195 1367 1688 1454; baseline 0 -21"><span class='ocrx_word' id='word_1_61' title='bbox 195 1369 303 1434; x_wconf 83' lang='lat' dir='ltr'><strong>divino</strong></span> <span class='ocrx_word' id='word_1_62' title='bbox 329 1368 435 1434; x_wconf 85' lang='lat' dir='ltr'><strong>officio</strong></span> <span class='ocrx_word' id='word_1_63' title='bbox 461 1370 530 1432; x_wconf 90' lang='lat' dir='ltr'><strong>veri</strong></span> <span class='ocrx_word' id='word_1_64' title='bbox 558 1368 644 1432; x_wconf 87' lang='lat' dir='ltr'><strong>veris</strong></span> <span class='ocrx_word' id='word_1_65' title='bbox 670 1367 895 1453; x_wconf 88' lang='lat' dir='ltr'><strong>praedicamus</strong></span> <span class='ocrx_word' id='word_1_66' title='bbox 923 1367 1103 1454; x_wconf 86' lang='lat' dir='ltr'><strong>primulam,</strong></span> <span class='ocrx_word' id='word_1_67' title='bbox 1126 1390 1295 1433; x_wconf 86' lang='lat' dir='ltr'><strong>exoremus</strong></span> <span class='ocrx_word' id='word_1_68' title='bbox 1317 1370 1500 1453; x_wconf 90' lang='lat' dir='ltr'><strong>Dominum,</strong></span> <span class='ocrx_word' id='word_1_69' title='bbox 1522 1377 1558 1435; x_wconf 89' lang='lat' dir='ltr'><strong>ut</strong></span> <span class='ocrx_word' id='word_1_70' title='bbox 1579 1390 1619 1433; x_wconf 91' lang='lat' dir='ltr'><strong>ea</strong></span> <span class='ocrx_word' id='word_1_71' title='bbox 1640 1370 1688 1434; x_wconf 91' lang='lat' dir='ltr'><strong>in·</strong></span> 
     </span>
     <span class='ocr_line' id='line_1_9' title="bbox 193 1476 1689 1574; baseline -0.001 -33"><span class='ocrx_word' id='word_1_72' title='bbox 193 1476 380 1543; x_wconf 88' lang='lat' dir='ltr'><strong>tercedente</strong></span> <span class='ocrx_word' id='word_1_73' title='bbox 409 1478 503 1574; x_wconf 85' lang='lat' dir='ltr'><strong>primi</strong></span> <span class='ocrx_word' id='word_1_74' title='bbox 530 1476 626 1560; x_wconf 90' lang='lat' dir='ltr'><strong>hujus</strong></span> <span class='ocrx_word' id='word_1_75' title='bbox 656 1484 728 1561; x_wconf 87' lang='lat' dir='ltr'><strong>post</strong></span> <span class='ocrx_word' id='word_1_76' title='bbox 754 1476 885 1540; x_wconf 89' lang='lat' dir='ltr'><strong>saecula</strong></span> <span class='ocrx_word' id='word_1_77' title='bbox 906 1476 1039 1541; x_wconf 85' lang='lat' dir='ltr'><strong>Consilii</strong></span> <span class='ocrx_word' id='word_1_78' title='bbox 1071 1477 1276 1564; x_wconf 86' lang='lat' dir='ltr'><strong>provincialis</strong></span> <span class='ocrx_word' id='word_1_79' title='bbox 1298 1480 1440 1543; x_wconf 80' lang='lat' dir='ltr'><strong>actiones</strong></span> <span class='ocrx_word' id='word_1_80' title='bbox 1462 1477 1689 1543; x_wconf 90' lang='lat' dir='ltr'><strong>ceu&#39;reflores·</strong></span> 
     </span>
     <span class='ocr_line' id='line_1_10' title="bbox 194 1582 1690 1670; baseline -0.001 -20"><span class='ocrx_word' id='word_1_81' title='bbox 194 1586 297 1650; x_wconf 90' lang='lat' dir='ltr'><strong>centis</strong></span> <span class='ocrx_word' id='word_1_82' title='bbox 317 1586 404 1649; x_wconf 87' lang='lat' dir='ltr'><strong>vitae</strong></span> <span class='ocrx_word' id='word_1_83' title='bbox 426 1583 667 1649; x_wconf 89' lang='lat' dir='ltr'><strong>ecclesiasticae</strong></span> <span class='ocrx_word' id='word_1_84' title='bbox 688 1585 814 1649; x_wconf 91' lang='lat' dir='ltr'><strong>initium</strong></span> <span class='ocrx_word' id='word_1_85' title='bbox 834 1583 1027 1650; x_wconf 88' lang='lat' dir='ltr'><strong>benedicere</strong></span> <span class='ocrx_word' id='word_1_86' title='bbox 1050 1584 1209 1670; x_wconf 72' lang='lat' dir='ltr'><strong>dignetis.</strong></span> <span class='ocrx_word' id='word_1_87' title='bbox 1248 1585 1312 1649; x_wconf 92' lang='lat' dir='ltr'><strong>Per</strong></span> <span class='ocrx_word' id='word_1_88' title='bbox 1333 1582 1495 1650; x_wconf 84' lang='lat' dir='ltr'><strong>Christum</strong></span> <span class='ocrx_word' id='word_1_89' title='bbox 1516 1585 1690 1649; x_wconf 89' lang='lat' dir='ltr'><strong>Dominum</strong></span> 
     </span>
     <span class='ocr_line' id='line_1_11' title="bbox 194 1699 347 1758; baseline -0.013 -1"><span class='ocrx_word' id='word_1_90' title='bbox 194 1699 347 1758; x_wconf 90' lang='lat' dir='ltr'><strong>nostrum.</strong></span> 
     </span>
    </p>

    <p class='ocr_par' dir='ltr' id='par_1_6' title="bbox 194 1778 1690 1972">
     <span class='ocr_line' id='line_1_12' title="bbox 295 1778 1690 1888; baseline 0.003 -25"><span class='ocrx_word' id='word_1_91' title='bbox 295 1800 417 1864; x_wconf 91' lang='lat' dir='ltr'><strong>Datum</strong></span> <span class='ocrx_word' id='word_1_92' title='bbox 442 1799 539 1864; x_wconf 81' lang='lat' dir='ltr'><strong>Peria</strong></span> <span class='ocrx_word' id='word_1_93' title='bbox 564 1778 618 1865; x_wconf 53' lang='lat' dir='ltr'><strong>Vs</strong></span> <span class='ocrx_word' id='word_1_94' title='bbox 641 1799 726 1866; x_wconf 86' lang='lat' dir='ltr'><strong>infra</strong></span> <span class='ocrx_word' id='word_1_95' title='bbox 747 1798 843 1864; x_wconf 88' lang='lat' dir='ltr'><strong>hebd.</strong></span> <span class='ocrx_word' id='word_1_96' title='bbox 881 1799 975 1866; x_wconf 91' lang='lat' dir='ltr'><strong>Dom.</strong></span> <span class='ocrx_word' id='word_1_97' title='bbox 1010 1800 1085 1866; x_wconf 88' lang='lat' dir='ltr'><strong>XV.</strong></span> <span class='ocrx_word' id='word_1_98' title='bbox 1113 1810 1186 1888; x_wconf 89' lang='lat' dir='ltr'><strong>post</strong></span> <span class='ocrx_word' id='word_1_99' title='bbox 1212 1802 1441 1884; x_wconf 85' lang='lat' dir='ltr'><strong>Pentecosten,</strong></span> <span class='ocrx_word' id='word_1_100' title='bbox 1464 1802 1516 1866; x_wconf 92' lang='grc'><strong>(111</strong></span> <span class='ocrx_word' id='word_1_101' title='bbox 1539 1800 1588 1865; x_wconf 87' lang='grc'><strong>13.</strong></span> <span class='ocrx_word' id='word_1_102' title='bbox 1610 1799 1690 1887; x_wconf 88' lang='lat' dir='ltr'><strong>Sep·</strong></span> 
     </span>
     <span class='ocr_line' id='line_1_13' title="bbox 194 1906 442 1972; baseline -0.008 0"><span class='ocrx_word' id='word_1_103' title='bbox 194 1906 328 1972; x_wconf 87' lang='lat' dir='ltr'><strong>tembris</strong></span> <span class='ocrx_word' id='word_1_104' title='bbox 351 1906 442 1972; x_wconf 88' lang='grc'><strong>1860.</strong></span> 
     </span>
    </p>
   </div>
   <div class='ocr_carea' id='block_1_5' title="bbox 480 2083 1412 2188">
    <p class='ocr_par' dir='ltr' id='par_1_7' title="bbox 480 2083 1412 2188">
     <span class='ocr_line' id='line_1_14' title="bbox 480 2083 1412 2188; baseline -0.001 -15"><span class='ocrx_word' id='word_1_105' title='bbox 480 2083 664 2173; x_wconf 69' lang='lat' dir='ltr'><strong>nossem</strong></span> <span class='ocrx_word' id='word_1_106' title='bbox 683 2109 879 2172; x_wconf 75' lang='grc'><strong>1111111111</strong></span> <span class='ocrx_word' id='word_1_107' title='bbox 899 2113 1040 2186; x_wconf 69' lang='lat' dir='ltr'><strong>quaeue</strong></span> <span class='ocrx_word' id='word_1_108' title='bbox 1060 2109 1226 2174; x_wconf 71' lang='grc'><strong>11111111</strong></span> <span class='ocrx_word' id='word_1_109' title='bbox 1246 2110 1412 2188; x_wconf 68' lang='lat' dir='ltr'><strong>pssum.</strong></span> 
     </span>
    </p>
   </div>
   <div class='ocr_carea' id='block_1_6' title="bbox 194 2285 1694 3343">
    <p class='ocr_par' dir='ltr' id='par_1_8' title="bbox 194 2285 1690 2482">
     <span class='ocr_line' id='line_1_15' title="bbox 290 2285 1690 2376; baseline 0.004 -26"><span class='ocrx_word' id='word_1_110' title='bbox 290 2287 491 2362; x_wconf 57' lang='lat' dir='ltr'><strong>rudericus,</strong></span> <span class='ocrx_word' id='word_1_111' title='bbox 507 2286 539 2353; x_wconf 93' lang='lat' dir='ltr'><strong>S.</strong></span> <span class='ocrx_word' id='word_1_112' title='bbox 551 2287 589 2351; x_wconf 82' lang='lat' dir='ltr'><strong>R.</strong></span> <span class='ocrx_word' id='word_1_113' title='bbox 600 2286 639 2351; x_wconf 87' lang='grc' dir='ltr'><strong>Ε.</strong></span> <span class='ocrx_word' id='word_1_114' title='bbox 655 2285 836 2352; x_wconf 87' lang='lat' dir='ltr'><strong>Cardinalis</strong></span> <span class='ocrx_word' id='word_1_115' title='bbox 851 2287 1136 2373; x_wconf 82' lang='lat' dir='ltr'><strong>Schwarnenberg,</strong></span> <span class='ocrx_word' id='word_1_116' title='bbox 1151 2289 1320 2355; x_wconf 80' lang='lat' dir='ltr'><strong>Ecclesiae</strong></span> <span class='ocrx_word' id='word_1_117' title='bbox 1334 2288 1598 2376; x_wconf 86' lang='lat' dir='ltr'><strong>metropolitanae</strong></span> <span class='ocrx_word' id='word_1_118' title='bbox 1612 2290 1690 2355; x_wconf 89' lang='lat' dir='ltr'><strong>Pra-</strong></span> 
     </span>
     <span class='ocr_line' id='line_1_16' title="bbox 194 2380 1044 2482; baseline 0.005 -24"><span class='ocrx_word' id='word_1_119' title='bbox 194 2395 304 2478; x_wconf 81' lang='lat' dir='ltr'><strong>geneis</strong></span> <span class='ocrx_word' id='word_1_120' title='bbox 326 2394 607 2482; x_wconf 84' lang='lat' dir='ltr'><strong>Archiepiscopus.</strong></span> <span class='ocrx_word' id='word_1_121' title='bbox 1042 2380 1044 2384; x_wconf 33' lang='lat'>¹</span> 
     </span>
    </p>

    <p class='ocr_par' dir='ltr' id='par_1_9' title="bbox 196 2501 1694 3232">
     <span class='ocr_line' id='line_1_17' title="bbox 294 2501 1691 2592; baseline 0.004 -28"><span class='ocrx_word' id='word_1_122' title='bbox 294 2501 346 2564; x_wconf 93' lang='lat' dir='ltr'><strong>De</strong></span> <span class='ocrx_word' id='word_1_123' title='bbox 382 2501 515 2567; x_wconf 90' lang='lat' dir='ltr'><strong>consilio</strong></span> <span class='ocrx_word' id='word_1_124' title='bbox 550 2510 582 2566; x_wconf 91' lang='grc'><strong>11</strong></span> <span class='ocrx_word' id='word_1_125' title='bbox 617 2523 755 2567; x_wconf 89' lang='lat' dir='ltr'><strong>assensu</strong></span> <span class='ocrx_word' id='word_1_126' title='bbox 786 2502 1146 2572; x_wconf 89' lang='lat' dir='ltr'><strong>Reverendissimorum</strong></span> <span class='ocrx_word' id='word_1_127' title='bbox 1172 2505 1405 2592; x_wconf 89' lang='lat' dir='ltr'><strong>Episcoporum</strong></span> <span class='ocrx_word' id='word_1_128' title='bbox 1440 2507 1691 2592; x_wconf 86' lang='lat' dir='ltr'><strong>comprovincia-</strong></span> 
     </span>
     <span class='ocr_line' id='line_1_18' title="bbox 196 2601 1692 2698; baseline 0.005 -27"><span class='ocrx_word' id='word_1_129' title='bbox 196 2606 273 2671; x_wconf 93' lang='lat' dir='ltr'><strong>lium</strong></span> <span class='ocrx_word' id='word_1_130' title='bbox 306 2607 508 2674; x_wconf 87' lang='lat' dir='ltr'><strong>decernimus</strong></span> <span class='ocrx_word' id='word_1_131' title='bbox 541 2617 573 2673; x_wconf 92' lang='grc'><strong>11</strong></span> <span class='ocrx_word' id='word_1_132' title='bbox 606 2601 824 2693; x_wconf 79' lang='lat' dir='ltr'><strong>declaramus,</strong></span> <span class='ocrx_word' id='word_1_133' title='bbox 857 2619 1005 2697; x_wconf 86' lang='lat' dir='ltr'><strong>quartam</strong></span> <span class='ocrx_word' id='word_1_134' title='bbox 1037 2612 1133 2711; x_wconf 91' lang='lat' dir='ltr'><strong>hujus</strong></span> <span class='ocrx_word' id='word_1_135' title='bbox 1162 2610 1295 2677; x_wconf 91' lang='lat' dir='ltr'><strong>Concilii</strong></span> <span class='ocrx_word' id='word_1_136' title='bbox 1324 2611 1507 2678; x_wconf 89' lang='lat' dir='ltr'><strong>Sessioncm</strong></span> <span class='ocrx_word' id='word_1_137' title='bbox 1528 2611 1692 2698; x_wconf 87' lang='lat' dir='ltr'><strong>publicam</strong></span> 
     </span>
     <span class='ocr_line' id='line_1_19' title="bbox 197 2660 1693 2806; baseline 0.004 -26"><span class='ocrx_word' id='word_1_138' title='bbox 197 2713 424 2781; x_wconf 80' lang='lat' dir='ltr'><strong>celebrandam</strong></span> <span class='ocrx_word' id='word_1_139' title='bbox 439 2738 511 2782; x_wconf 91' lang='lat' dir='ltr'><strong>esse</strong></span> <span class='ocrx_word' id='word_1_140' title='bbox 532 2720 680 2804; x_wconf 86' lang='lat' dir='ltr'><strong>proxima</strong></span> <span class='ocrx_word' id='word_1_141' title='bbox 700 2660 851 2783; x_wconf 75' lang='lat' dir='ltr'><strong>Pericli.</strong></span> <span class='ocrx_word' id='word_1_142' title='bbox 854 2740 961 2806; x_wconf 83' lang='lat' dir='ltr'><strong>,quae</strong></span> <span class='ocrx_word' id='word_1_143' title='bbox 983 2720 1044 2782; x_wconf 90' lang='grc'><strong>1111</strong></span> <span class='ocrx_word' id='word_1_144' title='bbox 1058 2717 1108 2782; x_wconf 95' lang='grc'><strong>20.</strong></span> <span class='ocrx_word' id='word_1_145' title='bbox 1124 2718 1178 2802; x_wconf 89' lang='lat' dir='ltr'><strong>huj</strong></span> <span class='ocrx_word' id='word_1_146' title='bbox 1182 2741 1221 2782; x_wconf 87' lang='grc'><strong>111</strong></span> <span class='ocrx_word' id='word_1_147' title='bbox 1234 2722 1354 2784; x_wconf 90' lang='lat' dir='ltr'><strong>mensis</strong></span> <span class='ocrx_word' id='word_1_148' title='bbox 1370 2717 1578 2806; x_wconf 87' lang='lat' dir='ltr'><strong>Septembris.</strong></span> <span class='ocrx_word' id='word_1_149' title='bbox 1594 2718 1693 2786; x_wconf 87' lang='lat' dir='ltr'><strong>Sanc·</strong></span> 
     </span>
     <span class='ocr_line' id='line_1_20' title="bbox 196 2822 1694 2920; baseline 0.005 -34"><span class='ocrx_word' id='word_1_150' title='bbox 196 2822 348 2887; x_wconf 80' lang='grc'><strong>1111111111</strong></span> <span class='ocrx_word' id='word_1_151' title='bbox 380 2824 472 2887; x_wconf 89' lang='lat' dir='ltr'><strong>his&#39;</strong></span> <span class='ocrx_word' id='word_1_152' title='bbox 463 2827 542 2909; x_wconf 79' lang='lat' dir='ltr'><strong>ipsis</strong></span> <span class='ocrx_word' id='word_1_153' title='bbox 571 2823 686 2890; x_wconf 88' lang='lat' dir='ltr'><strong>diebus</strong></span> <span class='ocrx_word' id='word_1_154' title='bbox 711 2824 764 2910; x_wconf 83' lang='lat' dir='ltr'><strong>Jej</strong></span> <span class='ocrx_word' id='word_1_155' title='bbox 767 2828 878 2890; x_wconf 92' lang='lat' dir='ltr'><strong>unium</strong></span> <span class='ocrx_word' id='word_1_156' title='bbox 904 2824 1052 2906; x_wconf 82' lang='lat' dir='ltr'><strong>Quatuor</strong></span> <span class='ocrx_word' id='word_1_157' title='bbox 1077 2824 1288 2911; x_wconf 85' lang='lat' dir='ltr'><strong>Temporum,</strong></span> <span class='ocrx_word' id='word_1_158' title='bbox 1317 2826 1434 2892; x_wconf 88' lang='lat' dir='ltr'><strong>divinis</strong></span> <span class='ocrx_word' id='word_1_159' title='bbox 1461 2826 1559 2893; x_wconf 89' lang='lat' dir='ltr'><strong>rebus</strong></span> <span class='ocrx_word' id='word_1_160' title='bbox 1580 2829 1694 2920; x_wconf 84' lang='lat' dir='ltr'><strong>intenti</strong></span> 
     </span>
     <span class='ocr_line' id='line_1_21' title="bbox 197 2912 1693 3020; baseline 0.002 -26"><span class='ocrx_word' id='word_1_161' title='bbox 197 2933 244 2994; x_wconf 91' lang='lat' dir='ltr'><strong>sic</strong></span> <span class='ocrx_word' id='word_1_162' title='bbox 265 2951 286 2995; x_wconf 91' lang='lat' dir='ltr'><strong>a</strong></span> <span class='ocrx_word' id='word_1_163' title='bbox 307 2930 404 3016; x_wconf 85' lang='lat' dir='ltr'><strong>culpa</strong></span> <span class='ocrx_word' id='word_1_164' title='bbox 425 2953 551 3018; x_wconf 89' lang='lat' dir='ltr'><strong>quoqne</strong></span> <span class='ocrx_word' id='word_1_165' title='bbox 568 2931 765 3017; x_wconf 86' lang='lat' dir='ltr'><strong>jejunemus,</strong></span> <span class='ocrx_word' id='word_1_166' title='bbox 787 2941 823 2997; x_wconf 89' lang='lat' dir='ltr'><strong>ut</strong></span> <span class='ocrx_word' id='word_1_167' title='bbox 843 2940 877 2996; x_wconf 86' lang='lat' dir='ltr'><strong>et</strong></span> <span class='ocrx_word' id='word_1_168' title='bbox 897 2935 1045 3019; x_wconf 87' lang='lat' dir='ltr'><strong>propriae</strong></span> <span class='ocrx_word' id='word_1_169' title='bbox 1063 2933 1278 3017; x_wconf 88' lang='lat' dir='ltr'><strong>poenitentiae</strong></span> <span class='ocrx_word' id='word_1_170' title='bbox 1301 2933 1466 3018; x_wconf 85' lang='lat' dir='ltr'><strong>suffragio,</strong></span> <span class='ocrx_word' id='word_1_171' title='bbox 1488 2942 1522 2997; x_wconf 97' lang='grc'><strong>11</strong></span> <span class='ocrx_word' id='word_1_172' title='bbox 1543 2912 1693 3020; x_wconf 86' lang='lat' dir='ltr'><strong>multipli-</strong></span> 
     </span>
     <span class='ocr_line' id='line_1_22' title="bbox 197 3038 1690 3126; baseline 0.003 -25"><span class='ocrx_word' id='word_1_173' title='bbox 197 3040 277 3102; x_wconf 90' lang='lat' dir='ltr'><strong>catis</strong></span> <span class='ocrx_word' id='word_1_174' title='bbox 299 3040 396 3103; x_wconf 85' lang='lat' dir='ltr'><strong>totius</strong></span> <span class='ocrx_word' id='word_1_175' title='bbox 420 3038 507 3103; x_wconf 91' lang='lat' dir='ltr'><strong>orbis</strong></span> <span class='ocrx_word' id='word_1_176' title='bbox 528 3038 693 3104; x_wconf 90' lang='lat' dir='ltr'><strong>christiani</strong></span> <span class='ocrx_word' id='word_1_177' title='bbox 714 3039 866 3126; x_wconf 88' lang='lat' dir='ltr'><strong>precibus</strong></span> <span class='ocrx_word' id='word_1_178' title='bbox 888 3038 990 3122; x_wconf 84' lang='lat' dir='ltr'><strong>adjuti</strong></span> <span class='ocrx_word' id='word_1_179' title='bbox 1013 3038 1157 3104; x_wconf 88' lang='lat' dir='ltr'><strong>divinum</strong></span> <span class='ocrx_word' id='word_1_180' title='bbox 1188 3040 1281 3105; x_wconf 91' lang='lat' dir='ltr'><strong>nobis</strong></span> <span class='ocrx_word' id='word_1_181' title='bbox 1302 3040 1419 3106; x_wconf 88' lang='lat' dir='ltr'><strong>adesse</strong></span> <span class='ocrx_word' id='word_1_182' title='bbox 1440 3040 1597 3106; x_wconf 87' lang='lat' dir='ltr'><strong>auxilium</strong></span> <span class='ocrx_word' id='word_1_183' title='bbox 1618 3063 1690 3108; x_wconf 88' lang='lat' dir='ltr'><strong>sen·</strong></span> 
     </span>
     <span class='ocr_line' id='line_1_23' title="bbox 198 3134 1664 3232; baseline 0.002 -24"><span class='ocrx_word' id='word_1_184' title='bbox 198 3146 325 3209; x_wconf 82' lang='lat' dir='ltr'><strong>tiamne.</strong></span> <span class='ocrx_word' id='word_1_185' title='bbox 368 3145 432 3211; x_wconf 88' lang='lat' dir='ltr'><strong>Per</strong></span> <span class='ocrx_word' id='word_1_186' title='bbox 453 3144 616 3211; x_wconf 88' lang='lat' dir='ltr'><strong>Christum</strong></span> <span class='ocrx_word' id='word_1_187' title='bbox 627 3146 811 3211; x_wconf 73' lang='lat' dir='ltr'><strong>Dominum</strong></span> <span class='ocrx_word' id='word_1_188' title='bbox 831 3153 985 3210; x_wconf 84' lang='lat' dir='ltr'><strong>nostrum.</strong></span> <span class='ocrx_word' id='word_1_189' title='bbox 1542 3227 1545 3232; x_wconf 87' lang='lat'><strong>.</strong></span> <span class='ocrx_word' id='word_1_190' title='bbox 1661 3134 1664 3139; x_wconf 55' lang='grc'><strong>’</strong></span> 
     </span>
    </p>

    <p class='ocr_par' dir='ltr' id='par_1_10' title="bbox 293 3254 1542 3343">
     <span class='ocr_line' id='line_1_24' title="bbox 293 3254 1542 3343; baseline -0.001 -23"><span class='ocrx_word' id='word_1_191' title='bbox 293 3257 416 3322; x_wconf 89' lang='lat' dir='ltr'><strong>Datum</strong></span> <span class='ocrx_word' id='word_1_192' title='bbox 439 3256 608 3322; x_wconf 90' lang='lat' dir='ltr'><strong>Dominica</strong></span> <span class='ocrx_word' id='word_1_193' title='bbox 629 3256 721 3324; x_wconf 85' lang='lat' dir='ltr'><strong>XVI.</strong></span> <span class='ocrx_word' id='word_1_194' title='bbox 743 3266 823 3343; x_wconf 88' lang='lat' dir='ltr'><strong>post·</strong></span> <span class='ocrx_word' id='word_1_195' title='bbox 836 3257 1060 3338; x_wconf 85' lang='lat' dir='ltr'><strong>Pentecosten,</strong></span> <span class='ocrx_word' id='word_1_196' title='bbox 1083 3255 1135 3320; x_wconf 90' lang='lat' dir='ltr'><strong>die</strong></span> <span class='ocrx_word' id='word_1_197' title='bbox 1159 3256 1207 3320; x_wconf 89' lang='lat'><strong>16.</strong></span> <span class='ocrx_word' id='word_1_198' title='bbox 1230 3254 1429 3343; x_wconf 87' lang='lat' dir='ltr'><strong>Septembris</strong></span> <span class='ocrx_word' id='word_1_199' title='bbox 1452 3256 1542 3320; x_wconf 86' lang='grc'><strong>1860.</strong></span> 
     </span>
    </p>
   </div>
   <div class='ocr_carea' id='block_1_7' title="bbox 471 3508 1410 3584">
    <p class='ocr_par' dir='ltr' id='par_1_11' title="bbox 471 3508 1410 3584">
     <span class='ocr_line' id='line_1_25' title="bbox 471 3508 1410 3584; baseline 0 -11"><span class='ocrx_word' id='word_1_200' title='bbox 471 3510 655 3573; x_wconf 68' lang='lat' dir='ltr'><strong>Decem</strong></span> <span class='ocrx_word' id='word_1_201' title='bbox 674 3509 873 3572; x_wconf 70' lang='lat' dir='ltr'><strong>tndtcfionis</strong></span> <span class='ocrx_word' id='word_1_202' title='bbox 892 3511 1035 3574; x_wconf 86' lang='lat' dir='ltr'><strong>ultimae</strong></span> <span class='ocrx_word' id='word_1_203' title='bbox 1055 3508 1222 3573; x_wconf 75' lang='lat' dir='ltr'><strong>Sessionts</strong></span> <span class='ocrx_word' id='word_1_204' title='bbox 1241 3509 1410 3584; x_wconf 81' lang='lat' dir='ltr'><strong>publicus.</strong></span> 
     </span>
    </p>
   </div>
   <div class='ocr_carea' id='block_1_8' title="bbox 199 3684 1696 4737">
    <p class='ocr_par' dir='ltr' id='par_1_12' title="bbox 205 3684 1692 3883">
     <span class='ocr_line' id='line_1_26' title="bbox 296 3684 1692 3772; baseline 0 -22"><span class='ocrx_word' id='word_1_205' title='bbox 296 3687 504 3761; x_wconf 74' lang='lat' dir='ltr'><strong>Fridcricue,</strong></span> <span class='ocrx_word' id='word_1_206' title='bbox 538 3687 571 3753; x_wconf 82' lang='lat' dir='ltr'><strong>S.</strong></span> <span class='ocrx_word' id='word_1_207' title='bbox 594 3686 691 3751; x_wconf 75' lang='grc'><strong>111.</strong></span> <span class='ocrx_word' id='word_1_208' title='bbox 725 3686 908 3752; x_wconf 87' lang='lat' dir='ltr'><strong>Cardinalis</strong></span> <span class='ocrx_word' id='word_1_209' title='bbox 931 3686 1216 3772; x_wconf 82' lang='lat' dir='ltr'><strong>Schwaraenberg,</strong></span> <span class='ocrx_word' id='word_1_210' title='bbox 1238 3685 1406 3751; x_wconf 82' lang='lat' dir='ltr'><strong>Ecclesiae</strong></span> <span class='ocrx_word' id='word_1_211' title='bbox 1428 3684 1692 3770; x_wconf 86' lang='lat' dir='ltr'><strong>metropolitanae</strong></span> 
     </span>
     <span class='ocr_line' id='line_1_27' title="bbox 205 3792 686 3883; baseline -0.002 -26"><span class='ocrx_word' id='word_1_212' title='bbox 205 3792 380 3879; x_wconf 83' lang='lat' dir='ltr'><strong>Pragensis</strong></span> <span class='ocrx_word' id='word_1_213' title='bbox 402 3795 686 3883; x_wconf 87' lang='lat' dir='ltr'><strong>Archicpiscopus.</strong></span> 
     </span>
    </p>

    <p class='ocr_par' dir='ltr' id='par_1_13' title="bbox 199 3897 1696 4526">
     <span class='ocr_line' id='line_1_28' title="bbox 299 3897 1696 3984; baseline -0.002 -19"><span class='ocrx_word' id='word_1_214' title='bbox 299 3897 461 3967; x_wconf 86' lang='lat' dir='ltr'><strong>Consultis</strong></span> <span class='ocrx_word' id='word_1_215' title='bbox 483 3912 515 3968; x_wconf 90' lang='lat' dir='ltr'><strong>et</strong></span> <span class='ocrx_word' id='word_1_216' title='bbox 536 3901 790 3979; x_wconf 73' lang='lat' dir='ltr'><strong>assentientibus</strong></span> <span class='ocrx_word' id='word_1_217' title='bbox 807 3902 1098 3967; x_wconf 85' lang='lat' dir='ltr'><strong>Reverendissimis</strong></span> <span class='ocrx_word' id='word_1_218' title='bbox 1121 3898 1344 3965; x_wconf 82' lang='lat' dir='ltr'><strong>Confratribus</strong></span> <span class='ocrx_word' id='word_1_219' title='bbox 1377 3898 1548 3984; x_wconf 90' lang='lat' dir='ltr'><strong>Episcopis</strong></span> <span class='ocrx_word' id='word_1_220' title='bbox 1582 3897 1696 3974; x_wconf 50' lang='lat' dir='ltr'><strong>decer·¹</strong></span> 
     </span>
     <span class='ocr_line' id='line_1_29' title="bbox 200 4005 1694 4094; baseline -0.001 -23"><span class='ocrx_word' id='word_1_221' title='bbox 200 4008 315 4089; x_wconf 79' lang='lat' dir='ltr'><strong>nimus,</strong></span> <span class='ocrx_word' id='word_1_222' title='bbox 337 4017 373 4072; x_wconf 90' lang='lat' dir='ltr'><strong>ut</strong></span> <span class='ocrx_word' id='word_1_223' title='bbox 393 4012 551 4094; x_wconf 83' lang='lat' dir='ltr'><strong>proxima,</strong></span> <span class='ocrx_word' id='word_1_224' title='bbox 573 4008 725 4074; x_wconf 87' lang='lat' dir='ltr'><strong>videlicet</strong></span> <span class='ocrx_word' id='word_1_225' title='bbox 745 4009 859 4074; x_wconf 87' lang='lat' dir='ltr'><strong>ultima</strong></span> <span class='ocrx_word' id='word_1_226' title='bbox 880 4010 976 4094; x_wconf 88' lang='lat' dir='ltr'><strong>hujus</strong></span> <span class='ocrx_word' id='word_1_227' title='bbox 999 4008 1134 4074; x_wconf 88' lang='lat' dir='ltr'><strong>Concilii</strong></span> <span class='ocrx_word' id='word_1_228' title='bbox 1156 4007 1265 4073; x_wconf 87' lang='lat' dir='ltr'><strong>Sessio</strong></span> <span class='ocrx_word' id='word_1_229' title='bbox 1287 4005 1418 4093; x_wconf 87' lang='lat' dir='ltr'><strong>publica</strong></span> <span class='ocrx_word' id='word_1_230' title='bbox 1439 4005 1599 4071; x_wconf 86' lang='lat' dir='ltr'><strong>habeatur</strong></span> <span class='ocrx_word' id='word_1_231' title='bbox 1623 4005 1694 4070; x_wconf 92' lang='lat' dir='ltr'><strong>Do-</strong></span> 
     </span>
     <span class='ocr_line' id='line_1_30' title="bbox 199 4112 1693 4204; baseline -0.001 -26"><span class='ocrx_word' id='word_1_232' title='bbox 199 4115 318 4180; x_wconf 89' lang='lat' dir='ltr'><strong>minica</strong></span> <span class='ocrx_word' id='word_1_233' title='bbox 349 4115 458 4181; x_wconf 89' lang='lat' dir='ltr'>XVII.</span> <span class='ocrx_word' id='word_1_234' title='bbox 487 4126 592 4204; x_wconf 92' lang='lat' dir='ltr'><strong>post</strong></span> <span class='ocrx_word' id='word_1_235' title='bbox 590 4117 819 4191; x_wconf 85' lang='lat' dir='ltr'><strong>Pentecosten,</strong></span> <span class='ocrx_word' id='word_1_236' title='bbox 857 4138 940 4203; x_wconf 92' lang='lat' dir='ltr'><strong>quae</strong></span> <span class='ocrx_word' id='word_1_237' title='bbox 972 4119 1033 4181; x_wconf 88' lang='lat' dir='ltr'><strong>erit</strong></span> <span class='ocrx_word' id='word_1_238' title='bbox 1066 4116 1190 4182; x_wconf 82' lang='grc'><strong>11123.</strong></span> <span class='ocrx_word' id='word_1_239' title='bbox 1213 4114 1309 4198; x_wconf 89' lang='lat' dir='ltr'><strong>hujus</strong></span> <span class='ocrx_word' id='word_1_240' title='bbox 1341 4116 1463 4178; x_wconf 89' lang='lat' dir='ltr'><strong>mensis</strong></span> <span class='ocrx_word' id='word_1_241' title='bbox 1483 4112 1693 4201; x_wconf 89' lang='lat' dir='ltr'><strong>Septembris.</strong></span> 
     </span>
     <span class='ocr_line' id='line_1_31' title="bbox 200 4220 1693 4321; baseline -0.001 -35"><span class='ocrx_word' id='word_1_242' title='bbox 200 4220 337 4287; x_wconf 86' lang='lat' dir='ltr'><strong>Oremus</strong></span> <span class='ocrx_word' id='word_1_243' title='bbox 358 4224 537 4321; x_wconf 87' lang='lat' dir='ltr'><strong>Dominum</strong></span> <span class='ocrx_word' id='word_1_244' title='bbox 554 4247 595 4290; x_wconf 88' lang='lat' dir='ltr'><strong>ac</strong></span> <span class='ocrx_word' id='word_1_245' title='bbox 616 4225 723 4289; x_wconf 90' lang='lat' dir='ltr'><strong>Deum</strong></span> <span class='ocrx_word' id='word_1_246' title='bbox 744 4232 898 4308; x_wconf 86' lang='lat' dir='ltr'><strong>nostrum,</strong></span> <span class='ocrx_word' id='word_1_247' title='bbox 921 4234 956 4290; x_wconf 90' lang='lat' dir='ltr'><strong>ut</strong></span> <span class='ocrx_word' id='word_1_248' title='bbox 977 4226 1121 4289; x_wconf 88' lang='lat' dir='ltr'><strong>actiones</strong></span> <span class='ocrx_word' id='word_1_249' title='bbox 1143 4232 1279 4305; x_wconf 87' lang='lat' dir='ltr'><strong>nostras,</strong></span> <span class='ocrx_word' id='word_1_250' title='bbox 1302 4243 1383 4308; x_wconf 90' lang='lat' dir='ltr'><strong>quas</strong></span> <span class='ocrx_word' id='word_1_251' title='bbox 1405 4221 1578 4308; x_wconf 78' lang='lat' dir='ltr'><strong>aspirando</strong></span> <span class='ocrx_word' id='word_1_252' title='bbox 1599 4241 1693 4306; x_wconf 89' lang='lat' dir='ltr'><strong>prae.</strong></span> 
     </span>
     <span class='ocr_line' id='line_1_32' title="bbox 199 4293 1694 4418; baseline 0 -25"><span class='ocrx_word' id='word_1_253' title='bbox 199 4331 310 4394; x_wconf 85' lang='lat' dir='ltr'><strong>venire</strong></span> <span class='ocrx_word' id='word_1_254' title='bbox 334 4330 485 4416; x_wconf 83' lang='lat' dir='ltr'><strong>dignatus</strong></span> <span class='ocrx_word' id='word_1_255' title='bbox 507 4293 566 4415; x_wconf 84' lang='lat' dir='ltr'><strong>est,</strong></span> <span class='ocrx_word' id='word_1_256' title='bbox 588 4332 774 4415; x_wconf 90' lang='lat' dir='ltr'><strong>adjuvando</strong></span> <span class='ocrx_word' id='word_1_257' title='bbox 796 4334 952 4418; x_wconf 86' lang='lat' dir='ltr'><strong>propitius</strong></span> <span class='ocrx_word' id='word_1_258' title='bbox 967 4340 1198 4417; x_wconf 87' lang='lat' dir='ltr'><strong>prosequatur,</strong></span> <span class='ocrx_word' id='word_1_259' title='bbox 1219 4338 1318 4417; x_wconf 90' lang='lat' dir='ltr'><strong>utque</strong></span> <span class='ocrx_word' id='word_1_260' title='bbox 1334 4337 1451 4395; x_wconf 87' lang='lat' dir='ltr'><strong>cuncta</strong></span> <span class='ocrx_word' id='word_1_261' title='bbox 1468 4337 1578 4394; x_wconf 86' lang='lat' dir='ltr'><strong>nostra</strong></span> <span class='ocrx_word' id='word_1_262' title='bbox 1593 4330 1694 4394; x_wconf 87' lang='lat' dir='ltr'><strong>oratio</strong></span> 
     </span>
     <span class='ocr_line' id='line_1_33' title="bbox 200 4437 1694 4526; baseline -0.001 -25"><span class='ocrx_word' id='word_1_263' title='bbox 200 4446 233 4502; x_wconf 90' lang='lat' dir='ltr'><strong>et</strong></span> <span class='ocrx_word' id='word_1_264' title='bbox 254 4441 396 4523; x_wconf 89' lang='lat' dir='ltr'><strong>operatio</strong></span> <span class='ocrx_word' id='word_1_265' title='bbox 419 4461 478 4525; x_wconf 90' lang='lat' dir='ltr'><strong>per</strong></span> <span class='ocrx_word' id='word_1_266' title='bbox 498 4439 582 4504; x_wconf 90' lang='lat' dir='ltr'><strong>Eum</strong></span> <span class='ocrx_word' id='word_1_267' title='bbox 604 4448 719 4526; x_wconf 89' lang='lat' dir='ltr'><strong>coepta</strong></span> <span class='ocrx_word' id='word_1_268' title='bbox 740 4441 903 4505; x_wconf 89' lang='lat' dir='ltr'><strong>fructuose</strong></span> <span class='ocrx_word' id='word_1_269' title='bbox 925 4439 1065 4504; x_wconf 86' lang='lat' dir='ltr'><strong>liniatur</strong></span> <span class='ocrx_word' id='word_1_270' title='bbox 1087 4440 1150 4504; x_wconf 91' lang='lat' dir='ltr'><strong>Per</strong></span> <span class='ocrx_word' id='word_1_271' title='bbox 1165 4438 1328 4504; x_wconf 83' lang='lat' dir='ltr'><strong>Christum</strong></span> <span class='ocrx_word' id='word_1_272' title='bbox 1344 4437 1517 4502; x_wconf 89' lang='lat' dir='ltr'><strong>Dominum</strong></span> <span class='ocrx_word' id='word_1_273' title='bbox 1539 4444 1694 4501; x_wconf 91' lang='lat' dir='ltr'><strong>nostrum.</strong></span> 
     </span>
    </p>

    <p class='ocr_par' dir='ltr' id='par_1_14' title="bbox 201 4542 1693 4737">
     <span class='ocr_line' id='line_1_34' title="bbox 296 4542 1693 4631; baseline -0.002 -22"><span class='ocrx_word' id='word_1_274' title='bbox 296 4545 418 4610; x_wconf 88' lang='lat' dir='ltr'><strong>Datum</strong></span> <span class='ocrx_word' id='word_1_275' title='bbox 439 4546 536 4611; x_wconf 80' lang='lat' dir='ltr'><strong>Eoris</strong></span> <span class='ocrx_word' id='word_1_276' title='bbox 556 4547 597 4612; x_wconf 87' lang='lat' dir='ltr'><strong>V.</strong></span> <span class='ocrx_word' id='word_1_277' title='bbox 619 4548 704 4614; x_wconf 83' lang='lat' dir='ltr'><strong>infra</strong></span> <span class='ocrx_word' id='word_1_278' title='bbox 719 4547 877 4613; x_wconf 81' lang='lat' dir='ltr'><strong>hebdom.</strong></span> <span class='ocrx_word' id='word_1_279' title='bbox 898 4547 1089 4615; x_wconf 90' lang='lat' dir='ltr'><strong>Dominicae</strong></span> <span class='ocrx_word' id='word_1_280' title='bbox 1111 4545 1203 4611; x_wconf 87' lang='lat' dir='ltr'><strong>XVI.</strong></span> <span class='ocrx_word' id='word_1_281' title='bbox 1225 4552 1298 4631; x_wconf 89' lang='lat' dir='ltr'><strong>post</strong></span> <span class='ocrx_word' id='word_1_282' title='bbox 1318 4545 1542 4619; x_wconf 86' lang='lat' dir='ltr'><strong>Pentecosten,</strong></span> <span class='ocrx_word' id='word_1_283' title='bbox 1569 4542 1621 4607; x_wconf 91' lang='lat' dir='ltr'><strong>die</strong></span> <span class='ocrx_word' id='word_1_284' title='bbox 1642 4543 1693 4608; x_wconf 86' lang='grc'><strong>20.</strong></span> 
     </span>
     <span class='ocr_line' id='line_1_35' title="bbox 201 4649 1536 4737; baseline 0.004 -20"><span class='ocrx_word' id='word_1_285' title='bbox 201 4649 401 4737; x_wconf 88' lang='lat' dir='ltr'><strong>Septembris</strong></span> <span class='ocrx_word' id='word_1_286' title='bbox 424 4653 514 4719; x_wconf 87' lang='lat'><strong>1860.</strong></span> <span class='ocrx_word' id='word_1_287' title='bbox 1530 4691 1536 4703; x_wconf 95' lang='lat'><strong>·</strong></span> 
     </span>
    </p>
   </div>
   <div class='ocr_carea' id='block_1_9' title="bbox 457 4904 1425 4982">
    <p class='ocr_par' dir='ltr' id='par_1_15' title="bbox 457 4904 1425 4982">
     <span class='ocr_line' id='line_1_36' title="bbox 457 4904 1425 4982; baseline -0.01 -6"><span class='ocrx_word' id='word_1_288' title='bbox 457 4907 641 4975; x_wconf 72' lang='lat' dir='ltr'><strong>Decretum</strong></span> <span class='ocrx_word' id='word_1_289' title='bbox 661 4908 705 4970; x_wconf 85' lang='lat' dir='ltr'><strong>de</strong></span> <span class='ocrx_word' id='word_1_290' title='bbox 724 4908 840 4971; x_wconf 81' lang='grc'><strong>1111111</strong></span> <span class='ocrx_word' id='word_1_291' title='bbox 859 4907 1037 4972; x_wconf 76' lang='lat' dir='ltr'><strong>iudicibus</strong></span> <span class='ocrx_word' id='word_1_292' title='bbox 1056 4905 1186 4980; x_wconf 78' lang='lat' dir='ltr'><strong>synodi</strong></span> <span class='ocrx_word' id='word_1_293' title='bbox 1205 4904 1243 4966; x_wconf 88' lang='lat' dir='ltr'><strong>tn</strong></span> <span class='ocrx_word' id='word_1_294' title='bbox 1262 4904 1425 4982; x_wconf 72' lang='lat' dir='ltr'><strong>partibus</strong></span> 
     </span>
    </p>
   </div>
   <div class='ocr_carea' id='block_1_10' title="bbox 201 5081 1692 5277">
    <p class='ocr_par' dir='ltr' id='par_1_16' title="bbox 201 5081 1692 5277">
     <span class='ocr_line' id='line_1_37' title="bbox 299 5081 1692 5170; baseline -0.001 -22"><span class='ocrx_word' id='word_1_295' title='bbox 299 5083 498 5159; x_wconf 66' lang='grc'><strong>1111111111,</strong></span> <span class='ocrx_word' id='word_1_296' title='bbox 521 5084 554 5150; x_wconf 91' lang='lat' dir='ltr'><strong>S.</strong></span> <span class='ocrx_word' id='word_1_297' title='bbox 566 5084 656 5149; x_wconf 73' lang='lat' dir='ltr'><strong>RE.</strong></span> <span class='ocrx_word' id='word_1_298' title='bbox 668 5082 1147 5220; x_wconf 81' lang='lat' dir='ltr'><strong>CardinalisSchwarnen&#39;oerg,</strong></span> <span class='ocrx_word' id='word_1_299' title='bbox 1159 5082 1328 5149; x_wconf 88' lang='lat' dir='ltr'><strong>Ecclesiae</strong></span> <span class='ocrx_word' id='word_1_300' title='bbox 1339 5082 1603 5170; x_wconf 81' lang='lat' dir='ltr'><strong>metropolitanus</strong></span> <span class='ocrx_word' id='word_1_301' title='bbox 1615 5081 1692 5146; x_wconf 89' lang='lat' dir='ltr'><strong>Pra-</strong></span> 
     </span>
     <span class='ocr_line' id='line_1_38' title="bbox 201 5189 702 5277; baseline 0.01 -26"><span class='ocrx_word' id='word_1_302' title='bbox 201 5190 312 5271; x_wconf 78' lang='lat' dir='ltr'><strong>gensis</strong></span> <span class='ocrx_word' id='word_1_303' title='bbox 333 5189 616 5277; x_wconf 84' lang='lat' dir='ltr'><strong>Archiepiscopua.</strong></span> <span class='ocrx_word' id='word_1_304' title='bbox 697 5193 702 5202; x_wconf 86' lang='grc'><strong>’</strong></span> 
     </span>
    </p>
   </div>
   <div class='ocr_carea' id='block_1_11' title="bbox 0 0 1998 5956">
    <p class='ocr_par' dir='ltr' id='par_1_17' title="bbox 0 0 1998 5956">
     <span class='ocr_line' id='line_1_39' title="bbox 0 0 1998 5956; baseline 0 0"><span class='ocrx_word' id='word_1_305' title='bbox 0 0 1998 5956; x_wconf 95' lang='lat' dir='ltr'><strong> </strong></span> 
     </span>
    </p>
   </div>
  </div>
 </body>
</html>
