3960 5956
210 349 312 414 XXX

208 557 289 630 rent,
312 551 438 613 invitati
460 558 543 614 sunt
567 549 670 620 Unus,
687 550 809 617 alterve
837 553 928 616 locus
949 552 1153 638 opinionibus
1170 552 1322 618 »dicendis
1343 574 1456 618 ansam
1479 553 1645 641 praebuit,
1675 563 1708 618 ct

209 644 364 720 nonnulla
385 655 488 720 verba
509 654 632 721 mutata
655 667 739 722 sunt.

310 763 427 826 Lectus
451 763 567 828 deinde
590 774 640 829 est
661 767 772 830 titulus
794 768 924 850 quintus
940 766 981 830 de
995 768 1139 829 Febriee
1156 776 1186 831 et
1200 767 1391 848 supellectili
1405 767 1627 842 ecelesiastica,
1651 770 1705 853 qui

209 891 230 933 a
251 878 366 956 quarta
380 872 613 935 Commissione
628 875 831 937 examinatus
847 874 960 954 iuerat,
982 882 1016 937 et
1026 873 1137 936 titulus
1153 880 1286 937 octavus
1302 872 1342 935 de
1356 873 1462 936 Bonis
1476 873 1706 951 ecelesiasticis,

210 978 303 1061 cnjus
331 999 468 1042 examen
496 1000 516 1042 a
545 981 640 1043 tertie
668 979 902 1043 Commissione
930 978 1117 1065 particulari
1145 977 1291 1042 habitum
1320 988 1400 1061 erat,
1422 982 1536 1065 paucis
1558 980 1702 1046 ammad-

155 1092 158 1098 '
210 1084 415 1149 versionibus
437 1085 480 1149 ab
501 1106 565 1150 uno
588 1087 730 1152 alterove
752 1088 881 1153 additis.

311 1193 530 1277 Congregatio
553 1194 603 1257 his
625 1198 765 1280 peractis
787 1216 847 1280 per
867 1204 1038 1259 consuetas
1060 1214 1175 1280 preces
1197 1193 1288 1258 finita
1309 1193 1380 1257 fuit.

707 1444 860 1513 Quarta
872 1441 1007 1499 Sessio
1024 1440 1203 1512 publiea.

305 1581 368 1645 Die
389 1584 543 1666 cipesime
563 1581 763 1669 Septembris
791 1582 881 1666 1860,
917 1605 1001 1670 quac
1026 1592 1096 1648 erat
1117 1584 1198 1647 feria
1227 1584 1339 1669 quinta
1359 1584 1444 1648 inira
1467 1583 1704 1650 hebdomadem

206 1690 395 1754 Dominicae
430 1690 521 1755 XVI.
555 1702 630 1777 post
657 1692 890 1774 Pentecosten,
926 1694 959 1756 in
993 1690 1132 1756 ecclesIa
1160 1690 1404 1777 metropolitana
1452 1690 1617 1767 celebrata
1655 1703 1706 1757 est

158 1779 160 1783 ¹
203 1798 337 1879 pollice
358 1799 465 1862 Sessio
488 1809 617 1881 qrsorta.

303 1899 477 1990 Postquam
510 1905 790 1994 Eminentissimns
812 1895 1015 1990 Metropolita
1048 1915 1080 1968 et
1101 1899 1375 1970 Reverendissimi
1397 1904 1552 1991 Episcopi
1586 1905 1700 1987 Patres

205 2011 340 2076 Concilii
372 2013 450 2076 hora
482 2022 593 2076 octavo
626 2015 784 2077 matutina
816 2013 908 2076 solito
942 2034 1030 2077 more
1063 2034 1105 2075 ex
1134 2010 1271 2075 aedibus
1300 1999 1632 2098 archiepiscbpalibus
1658 2015 1704 2079 ed

206 2118 377 2184 ecclesiam
392 2119 669 2207 metropolitanam
681 2129 916 2206 processerant,
935 2119 1037 2183 Missa
1052 2119 1204 2184 solemnis
1219 2121 1325 2181 ootinc
1339 2119 1378 2180 de
1391 2119 1434 2180 B.
1446 2121 1492 2181 M.
1512 2120 1550 2184 V.
1566 2142 1586 2183 a
1600 2120 1703 2187 Reve-

205 2226 396 2295 rendissimo
418 2228 579 2314 Episcopo
602 2229 800 2294 Budviceusi
822 2236 952 2292 canmta
978 2235 1037 2291 est.
1081 2226 1291 2290 Processione
1326 2224 1400 2289 dein
1422 2226 1465 2289 ad
1494 2227 1649 2292 sacellum
1677 2251 1703 2296 s.
1736 2259 1739 2262 ⁴

205 2333 391 2399 Wenceslei
413 2334 579 2416 adornata,
602 2333 711 2419 ibique
733 2332 903 2397 ritualibus
926 2331 1086 2418 precibus
1101 2331 1272 2418 persolutis
1294 2335 1409 2396 ostium
1429 2333 1574 2399 clausum
1589 2345 1648 2419 est,
1671 2346 1704 2402 et

206 2442 505 2509 Reverendissimus
529 2441 709 2527 Episcopus
732 2441 1087 2526 Reginaebradeeensis
1113 2462 1293 2505 sennonem
1315 2442 1504 2525 synodalem
1525 2441 1701 2522 habnitdc

205 2553 364 2631 remediis,
388 2571 471 2636 quae
494 2559 606 2614 contra
635 2550 720 2619 mala
743 2549 942 2614 infidelitatis
971 2558 1004 2610 et
1025 2571 1149 2613 morum
1177 2548 1394 2636 conuptelne,
1423 2549 1518 2613 hodie
1547 2549 1701 2614 mundum

204 2658 397 2743 prementia,
425 2658 626 2741 potissImum
648 2679 668 2720 a
689 2657 784 2721 Olero
806 2656 993 2721 adhibenda
1015 2665 1099 2737 sunt,
1125 2664 1158 2719 et
1180 2677 1262 2741 qnae
1285 2658 1318 2742 in
1340 2657 1411 2739 ejus
1433 2659 1578 2740 scientia,
1594 2678 1703 2722 exem·

203 2761 257 2848 plo
288 2766 459 2845 virtutum,
492 2763 660 2827 charitatis
687 2763 756 2827 zelo
785 2772 818 2832 et
844 2763 1017 2848 conjuncte
1046 2761 1184 2847 denique
1212 2765 1352 2827 omnium
1375 2785 1474 2848 opera
1506 2772 1539 2828 et
1559 2765 1703 2829 oratione

203 2872 419 2936 inveniuntur.

303 2977 410 3041 Finito
439 2998 586 3041 sermone
614 2979 799 3041 institerunt
828 2977 1049 3057 Promotores,
1078 2986 1114 3040 ut
1142 2976 1300 3059 Decreta,
1331 3000 1416 3065 quae
1437 2981 1472 3043 in
1493 2978 1702 3065 praecedenti

205 3084 464 3170 Congregatione
486 3084 630 3168 generali
653 3087 838 3148 examinata
860 3093 892 3147 et
914 3083 1057 3148 admisse
1079 3096 1180 3167 erant,
1203 3071 1245 3148 eis
1267 3093 1341 3150 voto
1364 3086 1486 3173 Synodi
1515 3095 1606 3152 textu
1628 3087 1701 3152 bre·

143 3187 145 3190 ’
204 3193 285 3257 viori
306 3191 558 3277 publicarentur.
601 3191 829 3257 Annuentibns
851 3192 987 3255 Consilii
1020 3191 1171 3256 Patribus
1188 3193 1285 3276 jussu
1309 3194 1561 3259 Eminentissimi
1583 3195 1702 3262 Metro·

205 3298 323 3385 politae
345 3299 486 3364 Decreta
508 3298 589 3364 tituli
612 3299 745 3363 secundi
767 3301 807 3361 de
835 3299 919 3361 Fide
939 3309 968 3362 et
992 3301 1192 3362 institutione
1220 3300 1387 3376 catholico,
1418 3301 1501 3365 tituli
1531 3305 1633 3388 quinti
1663 3305 1703 3369 de

204 3410 348 3472 Fabriea
380 3417 409 3470 et
440 3406 631 3489 supellectili
652 3408 878 3484 ecclesiastice,
911 3417 943 3471 et
964 3408 1046 3471 tituli
1080 3408 1184 3472 octavi
1215 3408 1254 3470 de
1275 3409 1379 3472 Bonis
1400 3409 1622 3476 ecelesiasticis
1645 3433 1702 3497 per

205 3515 402 3580 Secretarios
433 3522 466 3577 et
498 3514 647 3578 Notarios
680 3513 764 3577 lecta
797 3524 886 3594 sunt,
921 3535 1023 3600 eaque
1046 3517 1152 3577 omnia
1176 3536 1195 3576 a
1217 3514 1507 3580 Reverendissimis
1528 3516 1702 3605 Episcopis

204 3622 385 3709 approbata
408 3622 548 3685 fuerunt.

303 3729 430 3794 Indicta
452 3726 591 3815 denique
613 3733 761 3816 proxima
783 3739 815 3793 et
836 3730 948 3795 ultima
970 3729 1120 3795 Sessione
1136 3733 1169 3794 in
1192 3731 1276 3794 diem
1299 3731 1349 3794 23.
1370 3730 1580 3816 Septembris,
1602 3733 1700 3800 lecto·

201 3857 267 3922 ¹qne
294 3837 390 3919 hujus
428 3839 562 3901 aetionis
597 3815 808 3903 instrumento
842 3835 984 3901 Sessioni
1011 3858 1070 3922 per
1101 3828 1358 3902 benedictionem
1391 3840 1698 3928 archiepiscopalem

203 3945 237 4007 in
264 3942 358 4008 altari
380 3945 494 4027 majori
516 3943 589 4008 finis
611 3952 662 4009 est
683 3946 861 4028 impositus.

304 4050 443 4114 Caetera
463 4060 500 4114 ut
522 4053 554 4115 in
576 4050 847 4136 praecedentibus
869 4049 1008 4136 publicis
1030 4050 1237 4114 Sessionibus
1259 4061 1334 4116 aeta
1356 4053 1493 4118 fuerunt.

602 4264 753 4333 Quinte
771 4262 1042 4335 conrogato
1068 4264 1287 4330 generans.

304 4400 377 4462 Die.
395 4401 548 4481 nipesime
575 4400 717 4461 secunde
744 4397 943 4484 Septembris
972 4397 1062 4479 1860,
1090 4420 1173 4483 quae
1196 4406 1266 4462 erat
1288 4397 1467 4464 Sabbatmn
1490 4410 1565 4466 ante
1587 4402 1698 4467 Domi·

202 4509 307 4574 nicam
338 4506 445 4581 XVII.
472 4516 545 4592 post
572 4504 785 4569 Pentecosten
808 4503 887 4567 hora
908 4526 994 4567 nono
1017 4507 1174 4568 matutIna
1195 4507 1229 4568 in
1250 4508 1388 4571 oratorio
1410 4509 1697 4596 archiepiscopalis

203 4618 367 4683 seminarii
394 4615 505 4680 habita
532 4623 581 4679 est
607 4615 824 4698 Congregatio
858 4612 1019 4697 generalis
1048 4617 1171 4695 quinto,
1200 4614 1361 4700 adquam
1384 4637 1494 4678 omnes
1517 4613 1699 4700 Synodales

203 4725 349 4810 exceptis
370 4726 411 4787 iis
433 4725 488 4807 qui
510 4722 652 4807 legitIme
674 4723 820 4785 excusati
844 4730 946 4801 erant,
970 4722 1153 4787 adsuerunt.

299 4847 430 4912 Initium
457 4848 540 4931 ejus
555 4847 648 4911 solito
674 4866 761 4909 more
789 4865 848 4930 per
873 4866 986 4930 preces
1013 4847 1145 4911 rituales
1168 4847 1369 4930 factumest,
1403 4867 1484 4933 quas
1506 4834 1699 4913 Eminentia·

203 4956 303 5019 simns
324 4952 529 5039 Metropolitas
549 4952 713 5038 persolvit,
736 4952 810 5016 dein
832 4952 977 5017 nonnulli
998 4975 1016 5016 e
1039 4953 1145 5034 clero,
1180 4957 1234 5039 qui
1264 4963 1300 5018 ut
1325 4955 1578 5039 Congrcgationi
1603 4952 1714 5020 inter-¹

202 5082 275 5126 esse
301 5063 341 5124 iis
368 5061 495 5142 liceret,
521 5068 724 5145 rogaverant,
754 5059 796 5123 ad
828 5059 1025 5126 audiendum
1058 5061 1191 5124 admissi
1224 5071 1308 5144 sunt,
1344 5070 1377 5125 et
1419 5070 1572 5127 consueto
1604 5061 1699 5126 modo

202 5171 318 5235 secreti
351 5170 568 5259 sponsionem,
594 5177 754 5258 qnatenus
790 5188 862 5232 eam
898 5167 1040 5232 nondum
1079 5169 1317 5254 praestiterant,
1339 5170 1522 5241 emiserunt
