3960 5956
241 289 436 361 78.

291 501 295 508 ’
357 495 567 578 Parochus
597 524 673 577 ceu
702 495 937 604 exemplum
968 495 1208 605 disciplinae
1238 509 1280 580 et
1313 482 1469 583 ordinis
1498 501 1541 582 in
1572 499 1731 583 obeun-

242 629 305 712 dis
336 630 461 714 sacris
491 630 707 738 mysteriis,
737 629 882 739 procul
902 655 928 708 a
947 641 1048 710 nota
1075 631 1254 741 cujusvis
1274 631 1572 720 indifferentiae
1591 632 1730 716 zeloso

240 761 458 844 conamine
488 789 563 844 suo
595 750 808 847 ostendere
838 760 979 860 debet,
1019 757 1230 870 quomodo
1266 764 1310 844 in
1340 764 1466 847 domo
1496 764 1576 847 Dei
1591 788 1735 874 ‘opor-

239 904 325 976 teat
353 894 598 993 conversari,
628 894 747 974 utin
777 893 891 974 omni
928 894 1090 975 actione
1130 886 1232 976 ordo
1273 895 1458 978 caelestis
1496 895 1730 979 Jerusalem

240 1027 359 1145 quasi
387 1054 460 1134 per
490 1025 703 1136 speculum
733 1035 940 1135 appareat.
992 1024 1105 1106 Hinc
1134 1025 1271 1108 officia
1300 1026 1442 1144 diuina
1470 1030 1529 1110 ita
1558 1021 1730 1129 ordinet,
1871 1079 1875 1087 ·

238 1169 285 1241 ut
323 1158 564 1267 parochiani
603 1157 821 1250 commode
861 1158 919 1239 eis
959 1159 1153 1239 interesse
1191 1161 1363 1267 possint.
1422 1160 1541 1243 Idem
1570 1158 1662 1260 fiat,
1695 1161 1730 1242 si

238 1290 375 1400 plures
406 1291 558 1390 alicubi
588 1301 685 1375 sunt
713 1289 964 1394 sacerdotes3
1005 1291 1049 1370 iu
1078 1289 1180 1373 locis
1219 1291 1445 1402 majoribus
1474 1302 1625 1392 autem,
1655 1292 1728 1375 ubi

238 1424 376 1533 plures
416 1424 612 1508 ecelesiae
632 1432 813 1532 patent,
853 1431 1030 1510 rectores
1065 1424 1303 1506 earumdem
1335 1434 1480 1507 mutua
1509 1424 1734 1520 collatione

238 1557 282 1637 in
311 1557 355 1637 id
386 1557 645 1655 conveniant,
665 1541 788 1663 [quod
818 1535 1007 1668 fidelibus
1037 1554 1301 1658 utilissimum
1320 1555 1581 1665 reputabunt.
1612 1554 1730 1638 Hora
1773 1646 1780 1667 ‚.

239 1698 403 1789 statuta,
433 1717 509 1797 pro
539 1687 707 1770 arbitrio
737 1715 965 1796 numquam
995 1687 1205 1788 mutanda,
1237 1698 1430 1770 accurate
1456 1697 1648 1788 servetur,
1677 1716 1730 1770 ne

238 1822 499 1902 cunctatione
544 1820 826 1928 praesentibus
871 1819 1054 1901 taedium
1095 1800 1263 1934 paretur
1307 1831 1379 1903 aut
1422 1810 1729 1931 negligentibus

238 1980 377 2034 causa⁴
393 1953 667 2035 excusationis
702 1951 957 2061 praebeatur.

354 2118 430 2200 Pia
458 2116 643 2200 fidelium
673 2117 850 2199 devotio.
869 2117 939 2198 vix
968 2128 1153 2228 augetur,
1184 2119 1219 2200 si
1249 2147 1333 2201 uno
1364 2118 1593 2228 eodemque
1622 2129 1728 2201 tem·

82 2239 86 2244 “
130 2341 133 2347 ,
236 2278 337 2360 pore
366 2251 411 2332 in
440 2251 586 2332 eadem
606 2249 779 2332 ecclesia
797 2250 935 2358 plures
955 2249 1106 2334 Missae
1126 2249 1439 2333 succedentibus
1459 2250 1586 2333 initiis
1606 2252 1730 2334 simul

237 2383 513 2482 celebrantur,
539 2381 651 2464 >cum
691 2384 845 2491 quippe
884 2411 971 2465 non
1009 2384 1131 2492 pauci
1167 2383 1336 2465 cuilibet
1364 2380 1516 2466 Missae
1544 2383 1729 2493 aliquam

236 2517 505 2599 attentionem
534 2515 773 2624 impendere
803 2516 1024 2624 cupientes,
1061 2518 1143 2598 hoc
1171 2517 1263 2625 ipso
1292 2526 1474 2626 mentem
1502 2517 1728 2627 plurimum

237 2649 479 2732 distrahant.
542 2645 802 2757 Quapropter
840 2649 1054 2730 hortamur
1083 2649 1279 2730 ecclesiae
1314 2658 1502 2749 rectores,
1547 2659 1603 2749 ut,
1648 2650 1727 2731 nisi
1803 2745 1806 2751 ¹

236 2782 404 2863 evidens
448 2781 669 2863 necessitas
713 2780 827 2862 aliud
872 2781 1156 2889 postulaverit,
1203 2810 1321 2864 suam
1365 2781 1534 2863 cuilibet
1576 2780 1728 2864 Missae

235 2912 381 2995 horam
411 2913 634 3021 assignent.
696 2910 867 2994 sivero
907 2913 1055 2995 eodem
1084 2925 1269 3022 tempore
1298 2914 1479 3022 plurium
1507 2912 1727 2995 Missarum
1806 2952 1813 2961 ·

236 3036 457 3126 celebratio
488 3044 719 3126 necessaria
745 3043 877 3145 fuerit,
894 3034 992 3126 ‘una
1021 3056 1190 3127 externo
1214 3056 1417 3153 apparatu
1437 3047 1555 3154 quasi
1575 3046 1727 3129 solem·
1753 3044 1757 3051 ’

234 3177 327 3257 nior
355 3177 400 3257 in
429 3175 547 3257 altari
577 3173 773 3258 ecelesiae
802 3177 960 3286 majori,
991 3176 1172 3286 reliquae
1209 3187 1349 3258 autem
1388 3179 1542 3275 omisso
1580 3179 1728 3261 saltem

234 3299 574 3416 campanularum
603 3308 726 3416 prdsu
744 3318 796 3390 et
825 3319 1026 3417 quantum
1056 3307 1143 3391 fieri
1172 3311 1342 3419 poterit,
1388 3310 1432 3391 in
1448 3310 1632 3418 capellis
1659 3309 1726 3391 vel

234 3441 431 3524 altaribus
461 3441 515 3524 ab
545 3440 742 3523 ecclesiae
771 3436 899 3560 choro
929 3442 1054 3551 paulo
1084 3443 1252 3525 remotis
1283 3442 1548 3525 celebrentur.
1615 3517 1617 3521 .

350 3615 597 3695 Animarum
626 3623 822 3722 pastores,
852 3613 953 3695 dum
983 3615 1185 3722 populum
1216 3614 1268 3697 de
1298 3614 1600 3725 significatione
1630 3642 1733 3701 cae«

232 3738 510 3829 remoniarum
540 3756 583 3827 et
611 3747 809 3845 omnium,
846 3773 952 3854 quae
981 3747 1025 3827 in
1054 3773 1170 3828 sacra
1199 3747 1367 3856 liturgia
1394 3746 1510 3846 fiunt,
1538 3745 1724 3848 edocent,

235 3907 330 3961 eum
360 3878 485 3958 etiam
515 3877 567 3959 de
596 3877 722 3958 modo
743 3877 957 3979 instruant,
988 3879 1071 3987 q'uo
1092 3860 1261 3959 domum
1284 3877 1364 3960 Dei
1394 3878 1556 3988 ingredi
1585 3878 1726 3988 ibique

232 4012 405 4093 honeste
435 4038 523 4092 sese
558 4038 699 4120 gerere
716 4019 927 4118 oporteat.
988 4010 1153 4092 Etenim
1182 4011 1314 4119 pietas
1353 4011 1514 4093 interna
1543 4012 1726 4119 corporis

233 4170 399 4252 quoque
428 4141 574 4224 habitu
604 4152 771 4223 externo
800 4152 992 4224 testatam
1024 4171 1068 4224 se
1096 4141 1211 4247 facit3
1256 4143 1366 4225 unde
1403 4142 1555 4243 fideles,
1596 4171 1724 4252 quum

232 4275 503 4359 reverentiam
543 4274 801 4356 sanctissimo
840 4275 1036 4383 mysterio
1076 4286 1130 4356 et·
1156 4275 1235 4385 ipsi
1273 4302 1388 4356 sacro
1418 4275 1512 4357 looo
1542 4274 1724 4357 debitam
1766 4361 1771 4368 ,

232 4435 461 4516 numquam
491 4407 576 4487 non
607 4405 799 4488 exhibere
829 4405 1017 4506 debeant,
1048 4407 1287 4515 praesertim
1315 4407 1360 4487 in
1390 4404 1600 4492 Sacrificio
1623 4405 1725 4489 Mis·

232 4569 312 4641 sae,
342 4540 523 4621 maxime
551 4538 606 4622 ab
626 4537 877 4640 Elevatione
907 4566 1037 4647 usque
1066 4538 1121 4620 ad
1151 4536 1502 4621 Communionem
1531 4537 1723 4621 sacerdo·

230 4658 283 4755 tis
312 4672 460 4755 «Iesum
500 4668 712 4754 Christum
750 4697 872 4778 super
911 4652 1030 4753 altari
1066 4682 1325 4779 praesentem
1362 4699 1526 4779 summa
1554 4670 1724 4753 humili·
1799 4715 1802 4722 ·

231 4816 325 4902 tate,
356 4816 397 4887 et
426 4804 492 4886 vel
522 4804 616 4885 ideo
646 4801 763 4883 flexis
792 4803 931 4883 etiam·
946 4801 1122 4913 genibus
1142 4803 1313 4885 adorare
1333 4832 1419 4887 non
1439 4805 1722 4886 intermittant

229 4937 363 5020 Multo
394 4938 528 5047 magis
557 4936 816 5017 indecentem
846 4936 1073 5044 strepitum,
1104 4936 1320 5045 indignam
1345 4934 1724 5019 confabulationem

231 5072 296 5154 vel
337 5069 670 5165 somnolentiam,
710 5065 779 5148 ubi
800 5048 959 5148 'coram
989 5067 1093 5147 facie
1123 5068 1276 5148 aeterni
1313 5066 1442 5177 Regis
1471 5077 1724 5177 comparent,
