3960 5956
231 274 272 337 98

231 475 368 556 sensui
388 473 654 558 lenocinetur.
673 471 726 555 10)
757 474 973 557 Violentae
993 474 1233 557 harmoniae
1264 484 1305 557 et
1329 474 1496 557 insolita
1524 452 1722 557 interval·

231 605 282 706 la,
312 634 421 714 quae
451 606 715 690 vehementes
734 609 949 716 passiones
977 608 1168 717 pingunt,
1205 635 1292 688 non
1320 606 1541 689 audiantur
1571 608 1615 689 in
1644 636 1723 715 pu-

232 737 342 820 blico
372 739 486 820 cultu
515 738 607 821 Dei.
655 738 772 839 Quae
801 743 845 822 in
874 741 954 823 hac
983 768 1027 825 re
1055 738 1294 849 indigentiis
1323 749 1365 821 et
1392 739 1550 822 viribus
1578 740 1723 848 singu·

231 871 366 953 larum
385 872 651 955 ecclesiarum
671 875 930 975 conveniant,
961 884 1034 955 aut
1063 872 1188 955 etiam
1218 871 1419 954 eliminari
1448 873 1619 991 omnino
1649 856 1724 953 de-

231 1005 367 1104 beant,
399 984 572 1088 sollicite
602 1005 646 1087 in
676 1006 967 1089 collationibus
995 1004 1105 1089 Oleri
1135 1015 1176 1086 et
1204 1016 1411 1087 rectorum
1440 1003 1556 1087 chori
1586 1005 1723 1088 consi·

232 1136 435 1221 dereutur.
496 1242 499 1247 .

319 1269 550 1352 Dominicis
569 1269 787 1355 Adventus
804 1282 846 1354 et
867 1269 1217 1381 Quadragesimae
1236 1297 1336 1354 usus
1354 1271 1726 1354 instrumentorum

232 1403 486 1485 musicorum
501 1404 544 1484 in
560 1403 732 1487 ccclesia
746 1432 915 1513 prorsus
930 1404 1181 1513 prohibetur.
1204 1403 1255 1486 ln
1270 1403 1398 1487 Missa
1412 1403 1491 1487 sub
1512 1403 1725 1486 Elevatio-

232 1565 285 1617 ne
305 1536 446 1645 ipsum
465 1537 590 1617 etiam
611 1565 816 1646 organum
835 1547 908 1619 aut
928 1538 1097 1619 omnino
1118 1536 1246 1636 sileat,
1277 1547 1350 1618 aut
1368 1537 1550 1646 graviori
1569 1546 1611 1619 et
1630 1535 1725 1617 dul·

233 1669 332 1750 ciori
362 1697 466 1751 sono
497 1698 592 1750 cum
623 1669 737 1750 omni
757 1668 936 1751 melodia
962 1679 1003 1750 et
1021 1670 1225 1779 gravitate
1244 1669 1441 1779 pulsetur.
1461 1666 1514 1749 11)
1545 1668 1614 1753 Sic
1634 1669 1723 1751 dic·
1804 1684 1808 1705 ¹

232 1811 297 1883 tas
326 1801 515 1901 lntratas,
556 1829 662 1909 quae
692 1801 789 1882 hinc
827 1800 924 1882 inde
953 1800 1213 1901 adhibentur,
1253 1802 1459 1910 parochus
1496 1801 1725 1884 abolendas

232 1945 357 2017 curet.
419 1932 564 2042 Neque
605 1944 740 2016 certae
779 1934 929 2017 missae
958 1934 1177 2017 musicales
1216 1947 1258 2016 et
1286 1935 1418 2017 multo
1447 1935 1586 2016 miuus
1625 1962 1725 2015 cau-

232 2071 410 2151 tantium
439 2069 610 2150 nomina
639 2067 804 2176 publice
826 2068 944 2176 quasi
964 2067 1019 2149 ad
1038 2067 1299 2150 invitandum
1329 2067 1533 2176 populum
1561 2094 1725 2149 annun-

232 2202 395 2282 tientur.
467 2198 660 2283 Ceterum
701 2211 890 2282 cantores
930 2211 971 2282 et
1010 2202 1156 2282 musici
1194 2230 1280 2282 rem
1325 2229 1445 2291 suam
1491 2200 1640 2283 devote
1685 2210 1727 2280 et
1808 2278 1814 2283 .

233 2334 418 2418 modeste
448 2343 663 2440 tamquam
694 2332 786 2452 Deo
817 2332 1065 2415 famulantes
1094 2344 1233 2443 agant.

809 2629 1000 2714 CAPUT
1030 2630 1143 2713 VllI.

357 2852 428 2930 De
457 2851 605 2931 sacris
634 2851 1020 2932 Processionibus
1050 2855 1098 2930 et
1127 2848 1608 2950 Peregrinationibus.

355 3064 390 3139 1.
423 3034 702 3170 Gravissimae
722 3060 907 3168 profecto
928 3072 1024 3142 sunt
1049 3061 1239 3156 rationes,
1261 3059 1412 3166 quibus
1432 3058 1577 3139 innixa
1595 3056 1729 3139 Mater

234 3191 419 3273 Ecclesia
448 3193 731 3298 processiones
761 3221 898 3274 sacras
927 3191 1220 3301 approbandas
1249 3193 1410 3273 censuit
1439 3201 1481 3271 et
1512 3218 1727 3272 commen-

232 3324 404 3425 dandas,
445 3325 529 3405 imo
560 3353 630 3406 eas
659 3325 738 3432 ipsi
769 3326 897 3408 cultui
927 3325 1067 3407 divino
1097 3325 1278 3406 inseruit.
1313 3324 1360 3405 ln
1390 3322 1727 3437 processionibus

233 3459 344 3540 enim
373 3459 615 3567 congregati
636 3454 986 3541 Communionem
1008 3456 1255 3539 Sanctorum
1286 3467 1326 3537 et
1356 3454 1608 3537 militantem
1636 3483 1728 3536 ma-

232 3593 341 3672 xime
384 3589 610 3672 Ecclesiam
640 3603 1005 3699 repraesentamus,
1045 3617 1152 3697 quae
1191 3589 1305 3670 velut
1343 3590 1452 3670 acies
1495 3597 1727 3671 castrorum

233 3724 339 3807 bene
369 3724 559 3805 ordinata
579 3724 817 3807 venerando
848 3752 988 3807 sacrae
1018 3720 1163 3804 Crucis
1193 3722 1343 3804 vexillo
1372 3723 1532 3803 munita
1552 3750 1726 3831 progre-

234 3856 354 3955 ditur,
372 3855 606 3964 sDeumque
636 3857 848 3939 continuis
878 3856 1071 3938 laudibus
1101 3868 1142 3936 et
1171 3855 1413 3936 humilitatis
1432 3854 1625 3963 precibus
1655 3884 1728 3937 ve-

235 4017 395 4087 nerans,
436 3989 676 4070 insidiantes
706 4017 990 4099 quoscumque
1019 3989 1200 4072 visibiles
1240 4003 1280 4070 et
1318 3988 1548 4071 ¹invisibiles
1591 3988 1728 4069 inimi-

234 4151 307 4204 cos
336 4121 493 4202 fortiter
522 4123 565 4202 in
595 4122 764 4203 nomine
794 4122 968 4204 Domini
996 4123 1222 4232 propulsat.

351 4253 414 4335 Pii
452 4254 690 4363 hujusmodi
734 4255 871 4339 cultus
911 4256 1103 4335 meritum
1148 4265 1189 4336 et
1232 4253 1411 4335 fructum
1449 4251 1728 4361 ponderantes

234 4387 493 4488 mandamus,
514 4400 561 4470 ut
580 4389 864 4496 processiones
885 4389 972 4469 sive
992 4389 1072 4469 n'tu
1092 4397 1259 4470 sanctae
1279 4386 1493 4468 Romanae
1521 4384 1730 4466 Ecclesiae

234 4523 521 4631 praescriptae,
552 4522 638 4631 sive
658 4521 894 4629 provinciae
916 4530 1080 4601 nostrae
1100 4550 1150 4601 ex
1181 4520 1354 4626 antiqno
1385 4546 1500 4598 more
1527 4518 1729 4626 propriae,

235 4655 464 4738 observatis
493 4653 547 4735 ad
567 4654 766 4736 amussim
797 4653 901 4734 sacri
928 4652 1106 4735 Ritualis
1136 4651 1292 4757 regulis
1320 4651 1503 4731 maxima
1530 4650 1732 4760 religione

239 4823 393 4833 ..α-.-

285 4884 321 4965 ¹⁰)
343 4884 441 4945 Cone.
465 4881 554 4944 'l'rid.
578 4881 662 4945 Sess.
678 4881 787 4944 XXll.
812 4881 906 4944 Dorr.
924 4880 963 4943 de
986 4883 1061 4943 evit.
1077 4883 1110 4942 in
1125 4879 1242 4942 relchr.
1260 4879 1597 4942 Missae—(lucram.
1614 4877 1725 4963 Episc.

334 4988 390 5051 lib.
415 4990 442 5051 1.
467 5010 539 5073 cap.
562 4989 612 5052 28.
635 5012 665 5050 u.
692 4991 739 5052 12.

286 5096 323 5175 ¹¹)
346 5094 490 5159 Caerem.
513 5094 623 5179 Episc.
646 5094 705 5158 loc.
729 5097 781 5157 cit.
804 5118 835 5158 n.
858 5096 887 5158 9.
910 5105 942 5158 et
974 5094 1029 5158 lib.
1053 5097 1082 5158 2.
1106 5115 1176 5180 cap.
1198 5095 1227 5157 8.
1249 5117 1280 5157 n.
1304 5094 1352 5157 70.
