3960 5956
304 319 326 383 4

140 579 154 593 ‚
304 521 392 603 sine
431 549 514 630 qua
552 521 726 630 proinde
765 523 809 602 in
830 510 968 603 'nobis
1005 521 1108 602 nihil
1138 518 1338 622 sanctum,
1369 523 1472 603 nihil
1492 531 1662 622 castum,
1693 522 1796 604 nihil

303 655 445 735 vivum
485 663 526 735 et
565 653 750 764 dignum,
788 653 901 761 quod
931 682 1048 736 sacro
1078 665 1219 738 nostro
1249 654 1449 736 famulatu
1479 653 1571 737 Deo
1601 681 1796 763 praesen·

302 796 390 876 tare
420 785 643 878 valeamus.
659 781 691 866 1)
722 836 778 892 .-
1740 881 1741 886 Ν

419 914 517 1000 Non
546 918 640 999 ideo
670 918 820 999 frustra
848 919 1024 1000 sancivit
1053 918 1248 1019 Ecclesia,
1285 928 1331 1000 ut
1366 947 1461 999 cum
1497 947 1570 1027 per
1606 918 1796 1000 eamdem

303 1049 439 1151 fidem,
481 1078 587 1159 quae
627 1079 773 1133 coecos
813 1050 1018 1132 illuminat
1053 1061 1094 1133 et
1115 1053 1252 1161 justos
1281 1060 1534 1160 augmentat,
1564 1050 1797 1133 sacerdotes

304 1211 469 1292 quoque
499 1193 797 1284 consecrentur,
829 1181 1148 1292 Neopresbyteri
1178 1185 1222 1264 in
1251 1185 1342 1293 ipsa
1381 1212 1497 1265 sacra
1527 1182 1797 1268 Ordinatione

304 1315 400 1398 fidei
439 1316 736 1426 professionem
784 1317 993 1420 emittant3
1010 1313 1044 1397 2)
1085 1345 1167 1425 quo
1207 1318 1287 1398 ritu
1317 1316 1492 1399 sollenni
1521 1316 1691 1400 indubie
1720 1315 1794 1398 de-

304 1448 491 1549 claratur,
521 1458 774 1558 quantopere
804 1449 957 1549 deceat,
988 1457 1035 1529 ut
1063 1450 1093 1529 ii
1122 1450 1398 1557 potissimum¹
1414 1460 1455 1532 et
1484 1450 1607 1559 primi
1637 1448 1793 1531 lumine

56 1592 60 1599 ’
200 1575 202 1578 ⁴
302 1579 399 1663 fidei
429 1581 664 1681 clarescant,
694 1611 767 1690 per
797 1610 901 1690 quos
930 1592 1041 1663 totus
1071 1582 1115 1662 in
1145 1583 1245 1665 orbe
1263 1584 1464 1664 terrarum
1483 1582 1667 1666 mundus
1686 1583 1796 1691 ejus-

302 1713 398 1795 dem
427 1714 523 1795 fidei
553 1744 603 1795 ac
632 1714 843 1824 religionis
873 1717 999 1796 sumit
1018 1714 1232 1796 exordium
1252 1726 1293 1796 et
1317 1717 1628 1797 incrementum.
1689 1713 1794 1797 Pro-

303 1847 397 1928 vide
428 1838 603 1956 quoque,
635 1848 795 1930 etiarnsi
826 1876 987 1930 sacrum
1018 1858 1205 1930 nostrum
1243 1848 1515 1940 ministerium
1552 1857 1797 1957 perpetuum
1877 1922 1880 1926 ,
1936 1862 1940 1868 ’

303 1981 359 2090 sit
385 1980 486 2061 fidei
512 1979 760 2095 exercitium,
802 1980 966 2063 devota,
991 1979 1181 2088 Symboli
1221 1979 1519 2090 Apostolorum
1558 1980 1797 2063 recitatione

272 2113 492 2214 *divinum
532 2115 771 2223 praesertim
811 2112 1005 2196 Officium
1036 2124 1077 2196 et
1104 2115 1299 2196 inchoare
1344 2125 1385 2195 et
1422 2115 1641 2196 terminare
1671 2113 1797 2195 doce·

305 2274 407 2345 mur,
438 2256 484 2326 ut
511 2245 637 2328 fidem
667 2274 755 2328 esse
785 2247 965 2354 primurn
994 2256 1036 2327 et
1065 2249 1307 2329 continuum
1337 2246 1598 2355 perfectionis
1633 2256 1798 2329 nostrae

306 2377 493 2479 firlerum,
524 2379 596 2460 diu
613 2389 833 2487 noctuque
863 2381 1126 2484 ruminemus.
1339 2473 1341 2476 ,

422 2509 554 2622 Cujus
581 2511 746 2593 divinae
785 2511 881 2593 fidei
921 2513 1124 2621 praesidio
1156 2523 1197 2594 et
1235 2512 1435 2595 solamine
1471 2512 1639 2594 nefastis
1678 2540 1798 2621 prae-

305 2646 445 2727 sertim
483 2645 596 2726 hisce
636 2644 781 2726 diebus
820 2645 1070 2755 indigemus,
1112 2674 1207 2726 cnm
1246 2655 1383 2728 tantos
1423 2645 1576 2754 ubique
1615 2647 1659 2725 in
1698 2643 1798 2727 orbe

305 2777 526 2860 christiano
563 2777 782 2879 effrenatae
812 2777 1107 2859 incredulitatis
1153 2779 1367 2860 doleamus
1411 2805 1536 2862 ausus
1583 2787 1798 2886 protervos

268 2936 270 2940 ·
305 2909 516 2992 adversus¹
541 2909 772 2992 Dominum
811 2920 852 2991 et
890 2909 1085 2992 adversus
1116 2907 1327 2993 Christum
1358 2912 1456 3019 ejus,
1486 2892 1533 2992 ut
1564 2910 1634 3007 vix
1663 2909 1798 3019 magis

305 3055 494 3153 apertum
523 3043 713 3127 fidelibus
743 3044 993 3126 seductionis
1023 3045 1251 3154 periculum
1281 3044 1429 3126 minari
1459 3044 1601 3153 possit.

334 3247 337 3254 .
423 3175 564 3259 Sancti
604 3207 677 3287 per
714 3176 841 3258 fidem
880 3177 1005 3258 fortes
1044 3177 1141 3259 facti
1181 3188 1277 3259 sunt
1315 3155 1368 3257 in*
1397 3173 1529 3282 bello;
1570 3175 1797 3285 perfidem

306 3311 493 3392 vicerunt
531 3339 669 3419 regna,
711 3311 868 3418 operati
902 3321 1003 3415 ,sunt
1033 3306 1250 3419 justitiam,
1281 3309 1420 3418 adepti
1450 3320 1546 3390 sunt
1575 3309 1797 3418 repromis-

306 3437 452 3524 siones.
514 3441 631 3544 Haec
657 3442 862 3551 hodieque
883 3454 944 3525 est
963 3440 1159 3543 victoria,
1177 3471 1283 3551 quae
1303 3444 1431 3548 vincit
1451 3441 1664 3541 mundum,
1695 3440 1798 3524 fides

305 3586 455 3676 nostra,
487 3577 554 3657 cui
584 3604 633 3657 ex
664 3575 805 3657 divina
834 3577 1106 3684 promissione
1137 3575 1240 3657 nihil
1269 3576 1524 3684 impossibile
1553 3576 1640 3657 erit.
1653 3570 1688 3654 3)

341 3748 344 3754 ·
422 3708 673 3817 Adjuramus
703 3710 841 3817 itaque
871 3738 969 3817 prae
999 3710 1165 3817 reliquis
1196 3736 1277 3808 eos,
1319 3736 1423 3816 quos
1448 3708 1551 3816 ipse
1590 3707 1798 3790 Dominus

223 3884 225 3888 ·
306 3841 431 3949 clegit
459 3842 609 3923 milites
639 3870 746 3942 suos,
778 3842 971 3950 deditque
1002 3842 1124 3924 nobis
1155 3851 1441 3949 cooperatores
1462 3839 1629 3923 Ordinis
1655 3838 1797 3937 nostn',

307 3963 353 4055 ut
381 3973 559 4055 militent
587 3974 742 4056 bonam
771 3975 972 4072 militiam,
1003 3975 1201 4057 habentes
1231 3973 1376 4077 fidem,
1408 4003 1481 4083 per
1511 4001 1677 4054 ornnem
1704 3999 1797 4052 cra·

195 4117 198 4123 ’
306 4108 462 4189 tionem
489 4116 533 4187 et
563 4106 890 4188 obsecrationem
921 4118 1084 4187 orantes
1115 4108 1229 4187 onnri
1258 4117 1443 4214 ternpore
1474 4108 1516 4186 in
1547 4107 1692 4215 spiritu
1722 4133 1799 4214 pro

176 4298 183 4309 ·
305 4241 493 4339 invicem,
534 4250 580 4320 ut
618 4267 695 4320 nec
735 4239 857 4321 ullius
886 4239 1050 4322 deficiat
1079 4238 1201 4343 fides3
1244 4240 1461 4347 vigilantes
1492 4241 1616 4320 etiam
1647 4241 1690 4319 in
1720 4238 1797 4320 ob·

306 4374 532 4454 secretione
571 4401 647 4481 pro
688 4373 881 4454 omnibus
920 4373 1083 4470 sanctis,
1114 4401 1166 4453 ne
1196 4374 1278 4453 fors
1309 4372 1561 4473 credentium
1592 4371 1658 4454 vel
1688 4371 1796 4452 ullus

155 4530 158 4534 ·
307 4506 521 4588 deficiente
561 4517 702 4588 nostro
742 4505 837 4586 fidei
878 4506 1067 4614 exemplo
1106 4533 1171 4586 ac·
1195 4507 1341 4587 merito
1381 4506 1642 4616 naufragium
1689 4507 1798 4586 circa

306 4638 431 4721 fidem
451 4641 663 4748 patiatur..
702 4638 826 4721 Tales
845 4642 983 4748 potius
1013 4641 1151 4740 simus,
1173 4650 1297 4749 prout
1316 4669 1392 4721 nos
1414 4639 1596 4721 officium
1617 4637 1796 4721 Subdiu-

307 4852 503 4863 ,ιιι-.-Μ

353 4942 375 5024 1)
398 4943 533 5006 confer:
555 4943 654 5006 cone.
675 4942 862 5006 russas.
885 4941 941 5005 vr.
964 4964 992 5005 0.
1014 4941 1139 5004 a-s.
1164 4917 1266 5005 seonss
1283 4942 1383 5005 serm.
1406 4943 1435 5005 1.
1459 4944 1491 5006 rs
1512 4935 1585 5007 nat.
1614 4942 1655 5007 n
1678 4941 1718 5007 aa
1741 4938 1796 5006 sn.

349 5048 376 5133 ²)
399 5050 516 5114 Pontis.
550 5051 639 5113 Rom.
678 5050 717 5114 de
757 5050 835 5114 Ord.
874 5047 986 5112 Presb.

349 5162 375 5249 ³)
398 5159 499 5224 Hebr.
534 5161 582 5223 11.
622 5161 764 5244 33-343
805 5162 832 5225 1.
863 5161 980 5228 Joann.
1012 5162 1042 5226 5.
1076 5159 1397 5246 43Matth.17.19.
