3960 5956
1521 304 1533 414 j
1559 356 1694 425 xxxv

197 562 334 618 tremum
361 557 448 619 vitae
478 555 634 640 spiritum,
662 555 921 619 constantissime
947 554 1019 618 Deo
1042 542 1218 639 adjuvante
1239 557 1388 640 retinere,
1412 565 1444 621 et
1467 555 1624 641 confiteri,
1647 565 1695 622 at·

191 681 257 746 que
284 682 305 724 a
333 663 414 724 meis
441 659 594 744 subditis,
624 660 677 726 vel
702 660 780 744 illis,
811 682 945 749 quorum
976 682 1054 724 cura
1076 660 1119 724 ad
1139 683 1192 725 me
1214 663 1248 725 in
1269 684 1402 728 munere
1424 686 1495 730 meo
1520 665 1694 751 spectabit,

193 770 306 852 teneri,
329 769 447 852 doceri,
470 778 504 833 et
524 769 715 855 praedicari,
738 779 894 855 qnantum
915 773 949 834 in
970 792 1022 833 me
1044 771 1115 855 erit,
1131 779 1332 836 ornaturum:
1354 794 1415 857 ego
1437 773 1523 839 idem
1539 773 1581 837 N.
1597 795 1692 859 spon·

192 876 263 961 deo,
285 898 389 942 voveo
411 899 450 941 ac
466 878 553 961 juro.
597 876 652 942 Sic
673 899 725 941 me
749 877 840 942 Deus
861 876 1006 960 adjuvet,
1030 884 1062 940 et
1084 876 1167 941 h'aec
1190 888 1304 944 sancta
1325 879 1388 944 Dei
1409 879 1601 964 Evangelia.

867 1050 870 1082 ι

641 1131 826 1192 Decretum
847 1128 890 1189 de
911 1128 1079 1190 servmdc
1100 1131 1239 1191 secreto.

291 1307 493 1382 Fridericue,
522 1306 555 1372 S.
583 1307 622 1370 R.
648 1306 687 1371 Ε.
714 1306 899 1372 Cardinalis
921 1304 1211 1392 Schwaraenberg,
1234 1306 1402 1372 Ecclesiae
1423 1307 1691 1395 metropolitanae

194 1412 369 1498 Pragensis
390 1412 674 1499 Archiepiscopus.

287 1519 467 1605 Quoniam,
495 1541 580 1607 quae
605 1519 782 1586 avnxiliante
804 1519 943 1584 Domino
970 1521 1003 1583 in
1036 1518 1167 1604 Synodo
1200 1523 1365 1604 praesenti
1395 1519 1621 1586 tractabuntur
1653 1530 1688 1588 ct

189 1639 285 1715 prout
298 1627 450 1694 Patribus
466 1630 573 1694 visum
588 1627 694 1710 fuerit,
716 1634 907 1712 statuentur,
929 1635 1005 1693 ante
1020 1627 1215 1713 sperandam
1237 1628 1331 1694 Sedis
1346 1627 1554 1715 Apostolicae
1568 1650 1685 1716 appro-

187 1736 351 1803 bationem
382 1735 504 1823 publici
530 1737 616 1822 juris
647 1738 778 1802 minime
799 1736 870 1800 fieri
897 1742 1061 1821 poterunt:
1096 1734 1190 1799 decet
1211 1739 1350 1820 omnino,
1372 1744 1408 1801 ut
1430 1757 1540 1801 omnes
1562 1745 1595 1801 et
1617 1739 1682 1802 ein·

189 1845 257 1930 guli
278 1844 322 1910 ad
343 1844 511 1929 Synodum
532 1845 649 1928 vocati,
671 1828 704 1908 et
725 1843 768 1908 ad
790 1842 934 1928 singulas
956 1841 1234 1927 Congregetiones
1263 1841 1397 1907 admissi
1419 1844 1689 1909 communicatam

191 1951 393 2018 decretorum
414 1952 584 2017 materiam
606 1952 660 2037 pio
682 1950 808 2016 sileffio
830 1947 937 2014 celare
969 1947 1205 2015 studiosissime
1237 1956 1398 2034 satagant.
1441 1949 1524 2016 (lum
1556 1952 1690 2036 insuper

189 2061 224 2124 in
244 2060 425 2126 actionibus
458 2047 680 2146 synodalibus,
714 2069 747 2125 et
778 2060 931 2123 materiae
954 2057 1144 2123 tractandae
1168 2058 1263 2123 modo
1285 2061 1376 2124 varia
1398 2061 1531 2125 evenire
1553 2061 1689 2144 possint,
1792 2136 1800 2141 ,

190 2189 274 2255 quae
306 2167 348 2233 ad
375 2168 520 2232 notitiam
556 2166 691 2232 aliorum
723 2167 831 2233 delata
862 2175 931 2231 tum
958 2167 1105 2231 sinistras
1132 2166 1179 2228 rei
1207 2167 1489 2251 interpretationes
1519 2174 1587 2232 tum
1617 2188 1686 2232 ma·

189 2275 278 2362 ligna
299 2275 508 2362 praejudicia,
530 2276 594 2340 imo
617 2285 649 2341 et
670 2296 825 2362 procaces
846 2273 1078 2357 cavillationes,
1101 2296 1241 2341 necnon
1256 2275 1375 2340 exinde
1390 2276 1559 2340 oriundam
1580 2298 1689 2341 rerum

189 2405 229 2448 ac
249 2403 461 2469 personarum
481 2381 728 2468 vilipensionem
749 2404 926 2469 provocare
956 2391 1102 2467 possent:
1137 2381 1257 2447 idcirco
1280 2381 1320 2447 de
1343 2382 1476 2449 consilio
1498 2393 1531 2447 et
1552 2405 1689 2450 assensu

189 2490 543 2556 Reverendissimornm
570 2489 776 2556 Confratrum
802 2489 1037 2577 Episcoporum
1071 2509 1182 2554 omnes
1214 2497 1247 2553 et
1279 2489 1424 2575 singulos
1446 2488 1569 2574 Synodi
1590 2491 1688 2575 hujus

190 2596 399 2662 Consultores
432 2604 465 2660 et
496 2595 662 2662 Officialcs
693 2599 879 2683 pariterque
911 2595 983 2661 illos
1015 2597 1102 2662 viros
1134 2594 1388 2681 ecclesiasticos,
1422 2600 1477 2683 qui
1510 2597 1553 2661 ad
1588 2609 1689 2663 unam

189 2704 367 2770 alteramve
389 2706 682 2791 Oongregationem
704 2693 931 2787 admittentur,
964 2704 1166 2768 strictissimo
1189 2703 1341 2768 servandi
1367 2706 1483 2768 secreti
1505 2702 1610 2769 officio
1633 2704 1688 2769 de·

187 2814 314 2878 vinctos
337 2833 409 2877 esse
432 2811 634 2878 declaramus
656 2820 688 2876 et
709 2811 816 2899 palam
846 2811 1101 2896 pronuntiamus.
1144 2808 1179 2875 Si
1216 2832 1313 2897 quem
1345 2796 1480 2878 Jndices
1513 2811 1710 2896 synodales·

191 2919 463 3007 deprehenderint
492 2924 607 2986 secreti
629 2921 726 3006 hujus
748 2918 950 2984 violatorem:
983 2939 1084 2984 causa
1110 2921 1295 2985 examinata
1320 2941 1411 2984 renm
1440 2921 1482 2985 ad
1511 2921 1579 2987 Nos
1602 2921 1688 2987 defe-

187 3038 261 3094 rant
282 3050 340 3117 pro
361 3029 477 3114 culpae
499 3031 661 3114 gravitate
682 3028 891 3114 puniendum.
1694 3078 1699 3087 .

289 3129 481 3203 Promittant
495 3139 611 3225 itaque
633 3138 752 3224 singuli
773 3138 827 3202 bic
848 3146 1036 3223 praesentes
1069 3136 1246 3223 perfidem
1274 3136 1517 3221 sacerdotalem,
1540 3159 1575 3200 se
1597 3146 1687 3203 teno-

188 3266 257 3309 rem
288 3247 323 3311 in
354 3245 669 3331 congregationibus
702 3254 734 3310 et
767 3244 974 3312 Sessionibns
1006 3243 1216 3330 legendorum
1249 3266 1352 3332 usque
1385 3243 1427 3308 ad
1459 3245 1688 3331 promulgatio·
1721 3252 1724 3257 “

189 3374 263 3417 nem
284 3351 449 3439 publicam
483 3375 541 3419 sno
566 3362 710 3440 tempore
739 3352 936 3419 faciendam·
952 3352 1095 3438 perfecto
1124 3372 1169 3416 ac
1191 3351 1432 3438 religiosissimo
1461 3351 1587 3417 silentio
1615 3373 1688 3419 esse

188 3457 358 3525 celaturos.

545 3713 729 3774 Donatum
750 3711 793 3772 de
813 3711 1023 3788 praejudicio
1044 3726 1116 3772 non
1137 3710 1322 3774 atterendo.

152 3983 159 3994 ι
284 3905 491 3978 Maian,
524 3903 557 3968 S.
578 3903 617 3967 R.
639 3902 678 3967 ll·
707 3902 889 3970 cardinalis
912 3905 1197 3992 Schwarzenberg,
1226 3905 1394 3972 Ecclesiae
1423 3906 1687 3993 metropolitanae

193 4013 367 4100 Pragensis
389 4010 673 4096 Archiepiscopus.

285 4117 458 4184 Providam
481 4138 501 4182 a
522 4116 675 4182 Patribus
697 4120 882 4204 accepimns
904 4117 1119 4202 traditionem,
1145 4127 1180 4183 ut
1200 4120 1357 4205 pecrdiari
1380 4120 1509 4186 decreto
1533 4121 1573 4185 de
1595 4143 1687 4207 prae·

181 4227 308 4314 jndicio
330 4249 394 4292 non
416 4224 581 4290 afferendo
604 4223 789 4309 fragilitatis
811 4225 971 4290 humanae
995 4224 1094 4290 dubia
1123 4227 1298 4310 solvantur,
1331 4234 1364 4291 et
1393 4227 1601 4313 singulorum,
1633 4233 1688 4314 qui

187 4338 221 4400 in
242 4334 373 4421 Synodo
396 4333 586 4418 congregati
609 4341 693 4414 sunt,
710 4333 788 4417 jura
809 4340 907 4420 atque
928 4333 1099 4419 privilegia
1120 4332 1252 4419 publica
1281 4333 1497 4400 declaratione
1520 4334 1611 4399 salva
1633 4335 1688 4400 de·

186 4445 384 4508 nuntientur.
427 4440 581 4506 Traditae
614 4437 690 4506 huic
713 4440 905 4506 ordinationi
937 4443 1125 4506 insistentes
1147 4442 1349 4506 Auctoritate
1371 4441 1597 4528 Metropolitici
1619 4466 1687 4509 mu·

188 4552 275 4615 neris
296 4548 406 4614 Nostri
429 4549 633 4614 decernimus
655 4556 688 4613 et
709 4548 921 4632 declaramus,
955 4549 1051 4634 quod,
1080 4551 1108 4612 si
1130 4549 1211 4613 sorte
1234 4552 1420 4635 contigerit,
1454 4549 1593 4636 aliquem
1611 4551 1687 4636 jure

189 4678 256 4723 non
278 4657 477 4742 suffragante
500 4656 626 4740 adesse,
648 4646 701 4720 vel
723 4664 828 4721 stante
846 4657 921 4742 jure
943 4655 1069 4740 abesse,
1096 4657 1236 4722 aliumve
1259 4656 1366 4729 debito
1384 4658 1454 4722 loco
1480 4681 1545 4723 uon
1573 4659 1687 4723 sedere

186 4771 256 4832 sive
279 4765 392 4831 ordine
413 4787 478 4831 non
500 4774 629 4831 servato
652 4769 844 4832 sententiam
866 4766 1019 4853 proferre,
1042 4765 1187 4858 aliosque
1210 4763 1345 4831 durante
1368 4764 1511 4830 Concilio
1527 4788 1686 4850 quoscun-

186 4896 250 4962 que
272 4883 364 4940 actus
386 4875 509 4960 iacere,
541 4875 621 4941 nulli
643 4883 815 4962 propterea
836 4874 1070 4961 praejudicium
1098 4883 1289 4960 generetur,
1322 4873 1465 4959 nullique
1492 4895 1611 4938 novum
1628 4875 1686 4958 jus

186 4986 388 5070 acquiratnr3
423 5006 495 5049 cum
527 4989 635 5072 potius
667 4986 757 5052 finito
787 4983 931 5049 Concilio
964 4984 1071 5047 omnia
1102 4984 1217 5050 eodem
1233 4986 1308 5071 jure
1333 4981 1426 5047 firma
1447 4990 1480 5046 et
1510 4980 1601 5046 salva
1630 4981 1685 5045 ha-

186 5091 296 5158 benda
325 5094 407 5178 sint,
441 5116 504 5181 quo
526 5102 601 5160 ante
627 5092 752 5180 Synodi
773 5091 870 5177 hujus
892 5089 1142 5157 celebrationem
1173 5100 1245 5157 rata
1266 5099 1298 5156 et
1319 5091 1462 5175 legitime
1484 5091 1610 5156 sancita
1630 5089 1685 5153 ba-

185 5198 358 5271 bebantur.

1381 5295 1422 5362 3*
