3960 5956
289 313 349 378 m
444 345 446 348 ,

385 510 438 594 Ut,
461 513 547 598 quod
570 515 834 583 exordinatione
857 514 1266 582 SsConciliiTridentini
1294 518 1329 580 in
1359 516 1422 584 hac
1450 515 1581 602 Synodo
1597 519 1702 603 capite
1718 518 1778 582 111.

284 618 368 682 tituli
396 619 454 683 VI.
492 620 639 685 dedimus
676 622 852 687 Decretum
886 623 926 687 de
961 622 1150 707 Judicib'us,
1184 646 1329 711 quosJ
1298 625 1391 708 ajunt
1433 628 1468 688 in
1499 623 1677 711 partibus,
1700 624 1777 691 Sedi

281 725 488 813 Apostolicae
510 729 737 814 proponendis,
769 729 855 794 illico
888 733 1071 795 executioni
1098 732 1305 796 mandemus·
1335 731 1488 796 consultis
1510 738 1544 796 et
1574 732 1778 796 assentienti·

281 831 342 897 bus
364 833 655 899 Reverendissimis
677 834 899 900 Confratribus
926 837 1104 924 Episcopis
1127 847 1301 925 sequentes
1322 837 1489 924 elegimus,
1516 847 1549 903 et
1563 846 1665 925 prout
1687 859 1777 965 opor·

279 948 336 1025 tet,
359 939 436 1007 Sedi
458 941 510 1028 Ap
518 941 670 1007 ostobcae
692 942 988 1008 commendabimus
1009 947 1096 1011 viros
1119 944 1365 1010 ecclesiasticos.
1380 946 1412 1030 ²⁸)

380 1073 505 1138 Horum
529 1077 590 1139 erit
612 1097 727 1141 causas
750 1075 932 1163 spirituales
954 1085 987 1140 et
1008 1077 1051 1141 ad
1072 1077 1175 1143 sorum
1197 1078 1453 1144 ecclesiasticum
1474 1079 1683 1163 pertinentes,
1696 1097 1780 1162 quae

282 1184 330 1266 eis
352 1181 416 1246 fors
438 1204 459 1246 0
473 1181 557 1248 Sede
573 1184 760 1270 Apostolica
774 1194 807 1249 et
827 1207 848 1250 a
869 1185 1013 1272 quolibet
1033 1186 1156 1271 Legata
1177 1187 1231 1252 vel
1258 1186 1378 1253 Nuntio
1399 1188 1433 1249 in
1454 1183 1601 1272 partibus
1633 1193 1778 1250 tractan-

260 1288 345 1374 dae
360 1292 607 1375 committantur,
629 1313 687 1378 pro
709 1301 818 1356 tencre
835 1291 1040 1379 particularis
1062 1292 1206 1357 mandati
1226 1293 1413 1390 fidelissimo
1435 1287 1589 1378 obsequio
1611 1289 1777 1378 expedire.

377 1421 422 1488 Ut
443 1430 552 1488 autem
574 1421 800 1488 demandanda
821 1423 887 1488 fors
909 1422 1015 1488 officio
1037 1444 1072 1489 se
1095 1427 1314 1510 paratissimos
1335 1445 1407 1491 esse
1422 1423 1530 1510 palam
1545 1424 1682 1488 saciant:
1704 1445 1777 1509 pro·

285 1550 439 1595 vocamus
461 1529 581 1595 electos
603 1539 700 1615 atque
719 1535 924 1616 praesentes,
940 1538 976 1595 ut
990 1513 1179 1597 fidelitatem
1204 1553 1296 1595 suam
1312 1528 1555 1615 juramento'in
1578 1550 1693 1594 manus
1715 1527 1779 1595 No·

284 1644 368 1700 stras
390 1637 564 1702 emittendo
590 1646 757 1702 testentur.

380 1767 544 1834 Absentes
566 1775 675 1835 autem
695 1768 783 1860 idem
799 1769 1030 1853 juramentum,
1064 1791 1137 1833 cum
1158 1789 1218 1854 per
1238 1723 1416 1855 Episcopus
1445 1768 1636 1835 Ordinanos
1665 1788 1779 1855 provo·

148 1899 156 1907 ·
283 1877 347 1941 cati
368 1876 503 1958 luerint,
536 1874 748 1962 praestabunt
755 1899 765 1966 5
798 1877 896 1941 iidem
918 1898 996 1942 vem
1017 1876 1171 1964 Episcopi
1194 1876 1234 1942 de
1257 1881 1373 1942 emisso
1403 1876 1577 1942 electorum
1593 1877 1780 1961 juramento

198 2002 199 2005 ’
282 1992 425 2070 tempore
448 1992 567 2049 statuto
588 1985 656 2049 Nos
678 1986 830 2049 certiores
859 1984 995 2049 reddere
1017 2006 1082 2050 non
1104 1983 1308 2049 dubitabunt

381 2116 503 2181 Datum
525 2117 696 2182 Dominica
718 2118 826 2184 XVIL
848 2128 921 2205 post
942 2119 1073 2185 Pentec.
1096 2119 1148 2184 die
1170 2119 1220 2184 23.
1243 2117 1444 2206 Septembris
1468 2119 1558 2184 1860.

628 2355 812 2416 Decretum
832 2354 875 2415 de
895 2353 1010 2415 electis
1030 2353 1188 2414 'reatibus
1208 2353 1437 2428 modenana

369 2530 569 2606 medaeas,
585 2531 617 2596 S.
632 2531 671 2595 R.
685 2531 727 2623 E.
737 2528 918 2595 Cardinulis
930 2529 1216 2616 Schwarzenberg,
1229 2530 1396 2596 Ecclesiae
1413 2538 1515 2595 metro
1520 2529 1683 2617 politanae
1698 2530 1776 2595 Pra-

286 2639 396 2721 gensis
418 2637 701 2725 Archiepiscopus.

378 2769 598 2835 lntroductam
631 2772 808 2856 antiquitus
829 2769 1045 2835 Conciliorum
1068 2771 1206 2836 decretis
1228 2769 1510 2851 consuetudinem,
1543 2778 1579 2833 ut
1600 2765 1725 2835 scilicet
1746 2771 1782 2834 in

282 2876 422 2962 Synodis
455 2877 706 2963 provincialibus
738 2899 782 2940 ex
803 2877 947 2962 qualibet
968 2879 1152 2964 provinciae
1176 2878 1317 2943 dioecesi
1338 2877 1522 2961 deligantur
1543 2877 1615 2971 duo
1628 2876 1780 2962 pluresve

282 2985 343 3048 viri
366 2982 587 3068 ecclesiastici,
610 2985 756 3050 doctrina
777 2993 810 3049 et
831 2988 960 3071 pietatis
982 2985 1078 3050 laude
1100 2984 1236 3070 probati,
1259 2988 1450 3070 gravissimo
1472 2985 1619 3049 Testium
1641 2984 1780 3070 synoda·

282 3089 359 3153 lium
387 3089 492 3155 officio
526 3090 746 3174 devinciendi,
779 3091 912 3156 solemni
935 3092 1076 3156 Decreta
1108 3095 1215 3178 capite
1237 3092 1296 3156 lII.
1326 3091 1409 3156 tituli
1431 3093 1487 3158 Vl.
1509 3095 1544 3156 in
1565 3093 1627 3157 hac
1649 3092 1781 3178 Synodo

282 3196 369 3261 edito
391 3199 609 3264 innovandum
630 3208 663 3263 et
684 3199 858 3264 tenendam
879 3221 962 3280 esse,
991 3202 1025 3263 in
1047 3200 1185 3264 Domino
1208 3202 1377 3263 statuimus
1399 3209 1432 3265 et
1453 3200 1737 3286 promulgavimus.

379 3331 424 3395 Ut
444 3332 649 3396 innovandae
671 3332 854 3417 hujusmodi
876 3335 986 3418 praxis
1009 3354 1098 3396 mora
1119 3356 1182 3397 non
1205 3335 1393 3420 interposita
1424 3333 1593 3398 exordium
1624 3333 1698 3397 fiat:
1736 3333 1777 3397 de

283 3438 416 3503 consilio
438 3447 471 3502 et
491 3461 628 3538 assensu
659 3440 1012 3505 Reverendissimorum
1034 3437 1238 3504 Confratrum
1270 3440 1503 3527 Episcoporum
1535 3439 1650 3504 Testes
1683 3462 1778 3525 syno-

282 3545 372 3610 dales
395 3544 561 3631 elegimus,
595 3554 628 3609 et
649 3545 768 3610 electos
790 3545 897 3632 palam
920 3544 1132 3610 declaramus.
1144 3547 1194 3630 **)

377 3680 500 3745 Horum
523 3681 592 3762 erit,
616 3679 788 3765 diligenter
808 3680 1076 3762 animadvertere,
1099 3701 1140 3743 an
1163 3678 1285 3765 aliquid
1307 3682 1340 3743 in
1363 3678 1513 3762 dioecesi,
1549 3683 1601 3744 cui
1623 3680 1779 3766 adscripti
1842 3702 1844 3707 ·

282 3797 370 3870 eunt,
404 3787 629 3871 corrigendum
659 3809 717 3850 seu
746 3785 983 3850 emendandum
1010 3790 1067 3868 sit,
1101 3789 1328 3872 cognitumque
1355 3789 1388 3852 in
1417 3789 1562 3872 proximo
1591 3790 1779 3873 provinciae

281 3893 424 3959 Concilio
446 3894 489 3958 ad
510 3894 577 3958 Nos
600 3904 632 3957 et
661 3891 946 3979 comprovinciales
979 3900 1103 3957 nostroe
1135 3892 1313 3979 Episcopus
1342 3893 1477 3975 referre,
1511 3901 1547 3957 ut
1568 3896 1595 3957 si
1618 3893 1658 3958 de
1680 3893 1778 3959 rebus

157 4012 160 4017 “
282 3999 450 4087 quibusvis
472 4002 577 4064 minus
599 4003 764 4087 provisum
786 4001 836 4082 sit,
863 4001 981 4063 rectius
1004 4021 1062 4085 per
1083 3998 1250 4083 Synodum
1272 3998 1488 4086 provideatur.

377 4107 567 4172 Uberiorem
590 4117 753 4173 caeterum
776 4107 816 4171 de
839 4127 970 4170 munere
993 4104 1187 4173 demandato
1210 4109 1452 4172 instructionem
1484 4106 1639 4194 Episcopi
1662 4110 1696 4172 in
1718 4108 1780 4174 hac
1836 4186 1844 4196 ι

283 4215 414 4302 Synodo
437 4218 635 4301 congregati,
657 4215 768 4279 electis
791 4215 880 4278 hisce
902 4212 1038 4278 testibus
1061 4222 1238 4300 opportuno
1261 4223 1404 4301 tempore
1426 4215 1719 4280 communicabunt

380 4323 424 4388 Ut
445 4331 554 4388 autem
575 4322 681 4389 officio
704 4345 761 4388 suo
782 4323 927 4408 legitima
948 4330 981 4385 et
1002 4321 1136 4386 solemni
1157 4324 1280 4386 ratione
1303 4321 1545 4387 devinciuntur:
1567 4344 1779 4408 pmvocamus

284 4433 404 4497 electos
426 4432 532 4496 ethic
554 4440 754 4517 praesentes,
786 4438 823 4495 ut
843 4430 886 4495 ad
918 4429 1148 4517 praestandum
1165 4431 1386 4514 juramentum
1408 4435 1598 4518 requisitum
1619 4430 1704 4496 illico
1726 4453 1779 4496 ac·

283 4541 411 4607 cedant.
454 4538 619 4605 Jurabunt
640 4541 673 4604 in
694 4560 809 4603 manus
830 4538 975 4618 Nostrae,
1003 4557 1037 4600 se
1059 4558 1175 4601 munus
1198 4545 1382 4622 susceptum
1405 4537 1543 4603 fideliter
1574 4542 1632 4625 pro
1653 4539 1726 4602 Deo
1748 4549 1780 4603 et

283 4658 413 4735 propter
443 4647 549 4711 Deum
577 4668 649 4711 esse
677 4643 873 4731 impleturos,
903 4653 935 4707 et
956 4646 1132 4729 postposito
1155 4643 1297 4729 quolibet
1319 4645 1439 4710 affectu
1461 4647 1589 4711 sinistro
1611 4644 1778 4728 relaturos,

283 4777 365 4841 quae
388 4778 445 4841 pro
467 4764 577 4821 tenore
599 4775 677 4818 suae
699 4752 917 4816 instructionis
939 4750 1166 4835 indagaverint
1187 4759 1220 4815 et
1235 4753 1431 4818 correctione
1453 4753 1599 4839 indigere
1621 4755 1779 4819 noverint·

380 4887 502 4951 Datum
523 4886 652 4954 Domin.
674 4883 782 4950 XVII.
805 4891 878 4969 post
898 4882 1030 4965 Pontes.
1053 4883 1105 4948 die
1128 4883 1178 4948 23.
1200 4882 1399 4970 Septembris
1423 4879 1514 4950 1860.

288 5035 485 5047 ..ιι-«ια

264 5136 268 5144 ,
335 5087 361 5152 *J
379 5087 490 5136 Nomina
506 5085 643 5138 electorum
661 5089 828 5135 accusentur
850 5084 876 5135 lu
895 5082 1005 5135 Decreta
1022 5083 1144 5150 originali.

204 5186 212 5196 ·
319 5172 360 5236 Ι’1)
379 5171 489 5221 Nomina
507 5169 642 5220 electorum
661 5173 825 5220 recensentur
841 5169 866 5216 in
885 5166 993 5217 Decrrto
1012 5168 1135 5234 originali.
