3960 5956
1679 309 1788 401 rs¹

130 533 133 538 ·
195 522 199 529 '
227 508 596 616 possetinteriore
610 507 744 589 cordis
764 507 968 589 numditia
988 517 1029 588 et
1048 508 1225 615 puritate
1251 520 1522 617 perageretur,
1554 509 1715 592 debito-

228 666 306 746 que
328 656 536 719 sacrarum
556 641 907 722 caeremoniarum
929 669 979 722 ac
998 642 1151 720 rituum
1171 651 1372 748 apparatu
1393 641 1587 749 cultuque
1607 643 1715 724 cele-

223 753 419 853 braretur.
432 820 487 830 -
500 772 563 852 Ac
575 773 664 879 pari
679 773 954 854 sollicitudine
969 771 1188 880 studioque
1203 773 1294 878 ipsa
1309 773 1565 880 pientissima
1586 785 1716 854 mater
1860 859 1865 869 ,

222 929 449 1010 numquam
470 905 656 1004 cessavit,
678 931 773 985 suos
800 903 941 987 fideles
971 904 1077 984 filios
1097 931 1368 1001 commonere,
1398 904 1551 986 hortari
1581 914 1622 985 et
1650 906 1715 985 in-

223 1033 447 1132 flammare,
478 1045 531 1131 ut·
553 1063 612 1135 ea,
644 1064 727 1142 qua
752 1047 914 1144 oportet
943 1038 1104 1144 pietate,
1125 1036 1386 1116 veneratione
1417 1064 1466 1117 ac
1496 1036 1714 1123 devotione

222 1164 277 1246 ad
320 1166 401 1247 hoo
447 1166 633 1248 divinum
679 1152 933 1250 Sacrificirmr
981 1168 1308 1277 frequentissime
1353 1169 1656 1276 convenirerrt.“
1679 1167 1711 1247 1,-

226 1294 373 1378 Verbis
403 1297 515 1380 hisce
546 1298 801 1392 Sanctissimi
838 1301 969 1381 Patris
989 1301 1133 1405 ,nostri
1173 1300 1237 1389 Pii¹
1267 1299 1346 1379 ΡΡ.
1389 1298 1463 1380 ΙΧ.
1504 1303 1714 1409 propriam

145 1447 148 1452 '
224 1430 412 1511 consulto
428 1514 434 1524 ,
451 1429 575 1511 fidem
605 1441 801 1512 testantes
838 1431 892 1512 ad
931 1432 1166 1539 augendam
1196 1430 1550 1512 honorificentiam
1580 1459 1714 1542 augu-

203 1561 403 1642 ’stissimo
434 1559 577 1663 Novae
608 1562 733 1670 Legis
766 1543 975 1644 Sacrificio
1006 1562 1186 1645 debitam
1218 1565 1429 1669 sequentia
1459 1563 1714 1645 decrevimus

224 1693 481 1774 innovanda:

303 2005 305 2009 ‚
352 1910 387 1985 1.
420 1903 575 2005 Omnes
606 1918 652 1986 et·
676 1905 861 2015 singulos
891 1906 1122 1988 sacerdotes
1145 1918 1319 2015 'propter
1349 1906 1485 1988 Deum
1516 1910 1714 2018 instanter

223 2036 519 2145 provocamus,
551 2041 596 2118 ut
626 2038 715 2145 pari
743 2036 842 2136 fide,
874 2023 969 2146 qua
986 2065 1029 2119 se
1056 2039 1311 2120 strictissima
1323 2040 1470 2147 jejunii
1492 2041 1715 2149 corporalis

225 2167 483 2277 obligatione
509 2169 722 2251 devinctos
749 2181 1003 2279 agnoscunt,
1034 2167 1087 2251 ab
1118 2170 1232 2252 omni
1263 2184 1432 2279 quoque
1458 2172 1581 2281 culpa
1602 2174 1714 2283 jeJu-

224 2310 389 2399 nantes,
420 2300 604 2382 divinam
625 2301 869 2410 placationis
898 2285 1107 2383 Hostiam
1122 2303 1235 2411 puris
1265 2301 1457 2385 manibus
1487 2314 1528 2385 et
1556 2300 1713 2387 mundo

224 2430 347 2514 corde
382 2433 498 2542 litare
537 2443 779 2522 mereantur.
840 2421 974 2516 Nemo
1011 2441 1237 2543 propterea
1276 2433 1381 2515 labis
1425 2433 1586 2517 lethalis
1635 2437 1713 2519 sibi
1777 2453 1786 2511 ζ

225 2564 434 2662 conscius,
466 2560 730 2674 quantumvis
761 2567 961 2648 contritus
1001 2565 1079 2648 sibi
1119 2558 1324 2664 videatur,
1363 2592 1448 2646 non
1487 2569 1712 2674 praemissa

225 2697 510 2786 sacramentali
531 2676 805 2797 confessione,
837 2699 891 2779 ad
911 2726 1097 2780 mensam
1129 2696 1345 2779 caelestem
1366 2697 1561 2792 accedere
1588 2690 1712 2807 'prae-

225 2839 379 2928 sumat,
417 2839 588 2937 excepto
619 2857 716 2909 casu
747 2825 930 2938 urgentis
959 2831 1233 2929 necessitatis,
1274 2857 1357 2937 quo
1388 2831 1601 2911 eveniente
1624 2833 1713 2912 'sal-

224 2972 307 3042 tem
328 2963 616 3044 contritionem
638 2989 734 3040 cum
750 2959 1005 3044 Sacramenti
1025 2971 1124 3043 voto
1146 2961 1289 3042 elicere
1315 2969 1486 3041 conetur
1505 2972 1546 3041 et
1566 2979 1714 3069 quam·

224 3071 404 3202 primum
434 3093 691 3176 confiteatur*
705 3088 739 3169 2)
775 3091 857 3174 Sed
894 3106 934 3180 et
964 3094 1015 3174 de
1045 3092 1138 3181 illis,
1152 3090 1376 3173 levioribus
1406 3092 1589 3191 maculis,
1616 3094 1714 3202 ‘qui-

217 3222 301 3307 bus
330 3223 513 3306 humana
542 3227 742 3339 fragilitas
763 3225 946 3338 quotidie
967 3226 1204 3333 exponitur,
1236 3208 1394 3304 sincero
1426 3223 1548 3305 corde
1575 3223 1713 3307 dolere

226 3354 444 3465 Deumque
471 3359 551 3466 piis
581 3360 770 3469 precibus
791 3360 955 3470 placare
985 3385 1068 3437 non
1100 3356 1312 3464 omittant,
1344 3356 1585 3463 priusquam
1617 3384 1713 3437 san-

220 3489 406 3571 ctissima
435 3499 608 3578 tractare
622 3494 833 3604 ‘mysteria
855 3479 1166 3601 aggrediantur:¹
1193 3484 1414 3593 Quumque
1444 3515 1514 3567 eos
1544 3480 1714 3569 minime

225 3620 359 3720 lateat,
390 3620 546 3731 quanto
572 3623 768 3733 mysterio
789 3624 976 3706 divinum
998 3619 1191 3704 Officium
1222 3628 1263 3699 et
1287 3616 1439 3702 Missae
1459 3617 1727 3700 Sacrificium.

224 3753 330 3835 inter
364 3782 418 3870 se·
437 3755 702 3838 cohaereant:
743 3756 857 3838 illam
888 3783 974 3835 non
1003 3753 1156 3834 temere
1186 3751 1402 3860 negligant
1429 3747 1608 3832 Missalis
1645 3779 1714 3832 ru-

224 3884 401 3985 bricam,
433 3914 515 3995 qua
544 3901 640 3974 ante
669 3889 840 3972 Missam
871 3889 995 3970 etiam
1027 3885 1247 3993 privatam,
1279 3880 1433 3962 'saltem
1463 3879 1713 3965 Matutinum

227 4046 321 4101 cum
351 4017 586 4118 Laudibus,
617 4032 818 4130 quantum
849 4019 935 4101 fieri
965 4026 1121 4127 potest,
1152 4012 1384 4124 persolvere
1405 4013 1616 4121 jubentur.

341 4172 594 4259 Celebraturi
635 4206 710 4285 pro
728 4169 1046 4288 'opportunitate
1086 4170 1441 4280 praeparationem
1482 4170 1526 4250 in
1556 4169 1713 4252 Missali

225 4305 417 4390 Romano
458 4307 704 4422 descriptam
745 4309 892 4389 devote
932 4304 1188 4427 persolvant,
1229 4301 1436 4408 sacrisque
1465 4304 1715 4408 paramentis

226 4438 358 4520 induti
397 4441 537 4520 omnia
576 4441 725 4534 vitent,
771 4467 877 4547 quae
923 4447 1104 4517 mentem
1152 4431 1376 4515 distrahere
1418 4427 1597 4538 possint,
1643 4435 1714 4515 sed

221 4675 422 4694 --“-“Ἶ“““““““

275 4773 296 4856 ¹)
319 4773 425 4859 Epist.
447 4773 582 4858 Encycl.
610 4773 643 4839 S.
674 4775 715 4838 D.
735 4774 783 4837 Pii
807 4774 870 4837 ΡΡ.
891 4773 952 4836 lx.
975 4772 1015 4835 de
1038 4771 1090 4836 die
1112 4771 1142 4836 3.
1165 4772 1243 4858 Maji
1268 4772 1358 4852 1858.
1388 4772 1631 4855 „Amantissimi
1653 4771 1713 4834 Ro-

319 4880 527 4967 demptoria.“
551 4881 661 4946 confer
683 4880 714 4946 S.
738 4881 836 4947 Cone.
858 4879 948 4944 Trid.
971 4877 1058 4944 Sese.
1076 4863 1192 4943 'XXIL
1214 4879 1345 4945 Deerat.
1370 4878 1410 4942 de
1433 4877 1561 4942 observ.
1584 4881 1712 4944 eterit.

318 4990 353 5051 in
375 4985 493 5051 celebr.
516 4986 646 5051 Missae.

269 5092 553 5186 ²)1bidcmScas.
578 5091 672 5155 XllI.
696 5091 737 5156 de
759 5090 898 5170 Euchar.
921 5111 990 5175 cap.
1017 5090 1044 5153 7.

1453 5189 1473 5251 9
