3960 5956
1591 326 1651 390 103

159 529 351 612 videlicet
381 529 498 636 quasi
529 558 640 611 novo
672 539 711 610 et
748 528 1070 611 extraordinario
1109 557 1228 609 curae
1268 528 1485 636 pastoralis
1525 557 1651 611 cona-

162 665 273 744 mine
303 690 450 770 agrum
482 662 652 743 Domini
683 691 860 771 purgare
890 674 931 743 et
959 661 1152 770 perficere
1182 670 1352 769 oportet.

276 811 537 920 Quapropter
564 813 792 893 animarum
820 822 1016 921 pastores,
1047 822 1248 919 quantum
1270 839 1501 920 possumus,
1533 812 1651 893 obte-

159 955 316 1044 stamur
345 955 386 1025 et
416 973 611 1052 rogamus
641 944 695 1025 ad
725 946 854 1053 ipsius
885 943 1109 1027 Salvaton's
1149 944 1388 1025 charitatem
1419 972 1651 1051 provocan-

159 1087 231 1176 tes,
262 1087 308 1156 ut
337 1076 612 1183 parochianos
641 1098 738 1158 suos
769 1078 1015 1185 quantocius
1045 1077 1245 1184 spirituali
1272 1102 1412 1157 sacrae
1441 1075 1652 1157 Missionis

162 1208 362 1290 beneficio
403 1237 583 1290 recreare
623 1211 721 1291 totis
761 1210 917 1292 viribus
963 1209 1235 1311 contendant3
1292 1208 1365 1290 sed
1407 1220 1448 1289 et
1486 1207 1650 1288 illorum

161 1343 332 1423 omnino
362 1344 657 1425 conscientiam
687 1370 916 1439 oneramus,
948 1342 1018 1448 qui
1055 1370 1182 1449 quum
1223 1340 1277 1421 ad
1316 1342 1454 1450 gregis
1495 1342 1557 1421 sui
1588 1369 1651 1421 re-

162 1477 427 1557 novationem
457 1476 594 1557 media
624 1486 844 1557 consuetae
875 1503 995 1556 curae
1025 1474 1241 1582 pastoralis
1271 1501 1537 1581 nequaquam
1565 1473 1650 1553 suf-

162 1607 283 1689 ficere
312 1610 594 1717 cognoverint,
626 1608 1004 1720 ingravescentibus
1034 1607 1154 1687 malis
1184 1634 1322 1687 sacrae
1348 1605 1557 1687 Missionis
1587 1634 1652 1686 re·

162 1739 301 1821 medio
342 1769 552 1822 occurrere
592 1753 791 1823 tenentur.
809 1739 843 1819 2)
902 1740 1121 1822 Monemus
1161 1751 1200 1820 et
1240 1767 1436 1847 rogamus
1484 1741 1654 1848 insuper

162 1901 247 1953 non
278 1873 481 1982 parochos
501 1885 674 1971 tantum,
705 1873 837 1955 sedet
858 1875 961 1955 alios
982 1873 1245 1954 ecclesiarum
1267 1883 1444 1956 rectores
1464 1887 1506 1954 et
1526 1899 1652 1980 quos·

161 2032 338 2113 cumque
367 2007 490 2115 hujus
520 2008 756 2114 provinciae
781 2008 1024 2103 sacerdotes,
1055 2007 1139 2086 imo
1170 2017 1211 2088 et
1229 2005 1372 2086 fideles
1402 2015 1576 2102 nostros,
1606 2014 1653 2084 ut

163 2148 365 2246 quantum
394 2137 548 2247 singuli
582 2140 800 2245 potuerint,
842 2138 1119 2246 exoptabilem
1159 2165 1367 2218 sacramm
1408 2136 1653 2218 Missionum

163 2299 425 2379 progressum
438 2249 442 2272 ¹
448 2273 596 2378 juvare
626 2282 829 2379 satagant.

277 2418 340 2502 Ne
371 2420 426 2502 ob
457 2419 714 2502 deficientem
745 2422 1024 2529 operariorum
1055 2421 1219 2528 copiam
1256 2430 1396 2500 coetus
1426 2421 1553 2500 nostri
1586 2447 1652 2499 sa-

161 2551 323 2632 lutifero
354 2551 601 2633 Missionum
630 2552 831 2634 beneficio
861 2554 1103 2660 priventur:¹
1130 2551 1414 2633 ardentissime
1444 2551 1651 2632 desidera-

161 2711 253 2764 mus
283 2685 325 2763 in
355 2683 551 2779 Domin0,
582 2698 628 2765 ut
658 2699 817 2792 praeter
849 2684 989 2765 Patres
1020 2683 1237 2767 Societatis
1262 2684 1377 2782 deso,
1409 2682 1652 2792 Congrega-

161 2815 284 2897 tionis
315 2815 377 2899 Sa.
409 2816 710 2925 Redemptoris,
750 2828 790 2898 et
817 2817 908 2912 ΙΡΡ.
952 2815 1210 2926 Capucinos,
1252 2845 1428 2925 quorum
1464 2830 1654 2925 peractos

162 2947 372 3057 hucusque
403 2950 445 3032 in
483 2950 749 3033 Missionibus
790 2981 862 3058 per
902 2951 1009 3031 hanc
1049 2951 1306 3058 provinciam
1345 2948 1506 3031 labores
1547 2948 1654 3057 grati

162 3094 544 3181 commemoramus,
575 3082 750 3163 aliomm
781 3085 904 3164 etiam
935 3081 1139 3166 Ordinum
1169 3082 1430 3192 regularium,
1467 3109 1651 3189 praeser-

160 3214 236 3295 tiin
275 3217 405 3295 sancti
447 3214 654 3296 Francisci
701 3213 914 3323 Seraphici
953 3230 994 3296 ct
1034 3215 1368 3297 Praedicatorum
1418 3214 1651 3294 sacerdotes

163 3350 321 3428 muneri
352 3348 449 3429 huic
481 3378 574 3428 vere
604 3348 833 3456 apostolico
865 3376 1032 3456 operam
1073 3375 1224 3428 navare
1264 3358 1475 3428 conentur.
1537 3344 1653 3426 Defi-

162 3480 293 3560 ciente
333 3483 453 3589 copia
493 3481 785 3579 ministrorum,
826 3483 896 3589 qui
937 3481 1147 3589 religionis
1182 3507 1280 3560 suae
1316 3478 1569 3587 professione
1599 3478 1653 3558 ad

164 3611 244 3694 hoc
263 3641 414 3694 munus
443 3615 578 3695 vocati
607 3624 713 3713 sunt,
745 3616 901 3722 optime
922 3611 1187 3694 merebuntur
1207 3612 1287 3720 ipsi
1306 3611 1533 3720 presbyteri
1556 3638 1653 3690 cura

164 3746 396 3826 animarum
417 3746 587 3828 diversis
609 3748 651 3827 in
666 3747 768 3828 locis
789 3746 989 3854 occupati,
1011 3747 1045 3826 si
1062 3745 1287 3826 consociati
1304 3757 1345 3826 et
1364 3743 1525 3825 collatis
1540 3743 1654 3851 prius

164 3877 346 3959 consiliis
376 3907 513 3960 sacras
544 3878 762 3962 Missiones
792 3879 973 3960 vicissim
1003 3880 1045 3959 in
1075 3878 1276 3988 paroeciis
1306 3878 1391 3961 suis
1420 3875 1651 3957 habuerint.

167 4008 365 4092 Nostrum
395 4022 533 4091 autom
559 4011 644 4109 erit,
676 4013 850 4093 fundum
880 4011 1128 4119 peculiarem
1159 4012 1202 4090 in
1233 4009 1489 4091 dioecesibus
1509 4009 1653 4117 singu·
1730 4070 1732 4074 Α

166 4141 216 4223 lis
246 4145 411 4252 erigere,
443 4173 492 4225 ex
514 4173 597 4252 quo
620 4143 823 4252 parochis,
854 4145 925 4251 qui
945 4145 999 4224 ad
1019 4145 1301 4225 missionarios
1330 4141 1511 4251 hospitio
1543 4142 1653 4220 exci-

166 4276 340 4383 piendos
368 4277 481 4358 haud
511 4277 728 4359 sufficient-i
765 4276 976 4357 dotatione
1005 4277 1200 4385 gaudent,
1237 4284 1397 4357 sumtus
1436 4274 1654 4356 necessarii

164 4412 423 4517 compensari
453 4411 623 4518 possint.

281 4598 319 4675 2.
342 4593 470 4675 Prout
490 4593 706 4676 Missiones
727 4595 887 4703 integro
908 4592 1093 4675 fidelium
1112 4594 1241 4703 gregi,
1263 4591 1319 4672 ita
1340 4589 1515 4700 siugulis
1535 4589 1652 4670 laicis

167 4727 222 4809 ad
249 4727 423 4809 salutem
460 4728 649 4809 exercitia
677 4726 904 4835 spiritualia
929 4726 1208 4833 maximopere
1235 4722 1440 4834 prodesse,
1472 4721 1652 4804 dubitari

164 4861 317 4968 nequit.
349 4859 530 4941 Maxime
550 4859 791 4942 cultioribus
820 4859 956 4940 variae
977 4858 1216 4940 occasiones
1246 4869 1287 4938 et
1306 4856 1464 4937 motiva
1484 4882 1649 4935 eorum-

164 5077 272 5085 man..

207 5154 235 5238 ²)
257 5153 378 5218 Confer
398 5154 430 5218 S.
453 5153 612 5239 Alphonsi
633 5154 763 5238 Liguor.
786 5154 890 5220 Homo
912 5153 1025 5238 Apost.
1048 5152 1156 5218 Tract.
1179 5150 1253 5215 Vll.
1275 5171 1346 5238 cap.
1368 5150 1398 5212 4.
1421 5173 1451 5213 n.
1475 5149 1526 5214 31.
