3960 5956
239 294 281 358 58

241 493 414 581 Scholas
444 495 607 604 saepius
637 524 710 605 per
737 492 1042 599 hebdomadem
1071 519 1146 602 pro
1159 460 1367 575 'hadenda
1393 492 1604 604 religionis
1633 495 1735 578 doc-

240 631 347 711 trina
375 628 652 735 frequentent,
688 637 729 708 et
758 627 830 709 ubi
859 628 902 709 id
931 626 986 712 ob
1015 625 1250 711 scholarum
1279 652 1513 740 numerum,
1543 627 1735 710 sacerdo·
1764 616 1768 623 ¹

240 772 329 844 tum
349 762 564 872 penuriam
593 772 636 841 et
653 760 839 841 locorum
859 760 1098 843 distantiam
1127 757 1214 840 fieri
1243 760 1396 867 nequit,
1415 762 1541 841 -omni
1564 759 1735 859 meliori,

240 923 323 1005 quo
354 904 547 1003 poterunt
575 893 701 974 modo
731 892 995 1001 provideant,
1025 919 1078 972 ne
1093 894 1291 1000 juventus
1320 892 1363 972 in
1393 892 1585 1002 religiosa
1613 894 1735 1004 igno-

116 1078 119 1083 ·
241 1037 333 1110 rant
336 1029 376 1108 ia
318 1026 630 1108 tadolescat
681 1026 731 1107 111
762 1024 942 1107 ecclesiis
977 1035 1114 1105 autern
1145 1018 1490 1135 parochialibusJ
1483 1027 1736 1108 uventutem

234 1162 476 1290 saltem
418 1133 562 1243 diebus
582 1158 877 1271 dominicist
860 1169 1044 1265 tempore
1073 1156 1369 1266 pomeridiano
1395 1170 1649 1269 congregent
1681 1158 1737 1240 ad

241 1292 489 1376 audiendam
510 1291 637 1373 doct'
590 1301 739 1372 trinam
760 1290 897 1370 christ'
869 1300 1035 1387 transm,
1067 1317 1173 1396 quae
1188 1316 1274 1370 non
1294 1290 1348 1371 111
1367 1292 1585 1434 expositio
1595 1290 1737 1395 Evan-

216 1427 337 1577 *gelii
368 1425 613 1639 Dominicae
642 1424 719 1510 vel.
747 1423 782 1514 F
785 1424 871 1521 estu
901 1422 975 1572 sed
1009 1422 1164 1572 aliqua
1181 1450 1313 1555 pars
1305 1405 1583 1573 Catachismi
1607 1422 1736 1523 Idem,

128 1773 132 1785 ,
239 1691 409 1789 adsunt,
426 1570 487 1769 tet
515 1718 588 1797 per
617 1715 749 1797 pagos
769 1717 795 1768 a
824 1687 920 1769 sede
949 1687 1119 1796 parochi
1148 1688 1469 1788 remotiores,in
1499 1687 1642 1771 schola
1670 1688 1737 1769 vel

240 1823 321 1904 alia
351 1822 510 1904 decenti
541 1820 678 1901 domo
737 1817 917 1918 Quum
894 1847 951 1899 ,111
979 1820 1167 1927 plmimis
1196 1819 1318 1930 hujus
1348 1821 1584 1928 provinciae
1614 1818 1736 1902 scho-

236 1955 287 2038 lis
317 1984 366 2036 ea
395 1955 449 2036 sit
467 1951 712 2054 erudiendae
734 1953 965 2061 juventutis
980 1952 1199 2034 methodus
1229 1979 1278 2033 ac
1308 1950 1535 2061 dispositio
1565 1963 1613 2034 ut
1632 1954 1736 2035 aliae

70 2170 77 2191 Δ,
206 2087 477 2302 dffpiplinae
516 2087 658 2195 lingua
699 2086 910 2194 discipulis
939 2085 1178 2185 vernacula,
1206 2084 1324 2195 ‚aliae
1364 2096 1505 2167 autem
1540 2084 1736 2166 idiomate

239 2250 265 2303 a
291 2200 295 2207 ⁶
318 2248 367 2300 ro
397 2210 440 2303 in
470 2201 672 2300 Bohemia
703 2228 942 2299 occurrente
971 2217 1205 2300 tradantur:
1237 2218 1380 2300 sedulo
1404 2216 1634 2301 curandum
1663 2229 1736 2320 est,

238 2366 286 2438 ut
315 2354 548 2438 catecheses
577 2353 721 2464 lingua
752 2352 937 2462 parvulis
966 2351 1129 2461 proprie
1154 2351 1375 2432 vernacula
1393 2344 1634 2451 habeantur,
1665 2349 1738 2461 sed

239 2489 381 2597 utique
403 2488 547 2569 'etiam
579 2471 830 2583 cavendum,
870 2511 922 2564 ne
938 2484 1229 2585 institutiones
1268 2483 1484 2593 religiosae
1513 2494 1737 2591 utcumque

239 2621 516 2766 laudabilibus
545 2617 789 2701 idiomatum
820 2617 1020 2699 exercitiis
1050 2616 1199 2699 servire
1228 2614 1454 2699 videantur.

356 2759 604 2903 Catecheses
643 2828 732 2899 turn
771 2819 815 2900 in
849 2816 1001 2898 scholis
1038 2828 1128 2899 turn
1157 2818 1202 2900 in
1236 2818 1417 2902 ecclesiis
1459 2817 1582 2923 unius
1611 2814 1738 2899 horae

230 2953 424 3102 spatium
458 2949 774 3053 uomexcedant
812 2959 853 3030 et
882 2959 997 3032 extra
1026 2949 1212 3037 scholam
1241 2950 1532 3059 peculiaribus
1545 2925 1737 3059 precibus

238 3085 305 3167 vel
333 3085 413 3193 piis
443 3083 613 3166 canticis
644 3093 685 3163 et
711 3081 956 3164 inchoentur
986 3093 1027 3163 et
1054 3081 1259 3166 finiantur.
1301 3081 1451 3166 Preces
1482 3083 1565 3166 sint
1593 3079 1739 3165 orandi

239 3216 439 3300 formulae
476 3218 601 3297 usitat
599 3243 651 3296 ae
686 3226 727 3296 et
765 3215 871 3297 scitu
899 3217 1172 3298 necessariae:
1212 3217 1274 3298 uti
1312 3227 1473 3325 praeter
1510 3216 1739 3299 orationem

239 3350 491 3433 dominicam
520 3358 562 3430 et
590 3346 879 3429 salutationem
899 3348 1130 3458 angelicam
1151 3345 1399 3455 Symbolum
1428 3349 1738 3458 Apostolorum,

241 3494 358 3566 actus
378 3482 588 3563 uirtutum
616 3479 964 3591 theologicarum,
983 3493 1043 3564 et
1069 3482 1233 3570 similia.
1296 3481 1479 3592 Hymni
1497 3492 1540 3564 et
1578 3481 1739 3567 cantica

238 3643 288 3699 eo
327 3614 519 3713 tendant,
565 3623 612 3695 ut
650 3613 844 3695 adamato
889 3641 1033 3698 eorum
1079 3643 1157 3698 usu
1197 3613 1433 3698 mundanae
1477 3625 1521 3698 ct
1561 3616 1739 3717 lascivae

239 3738 452 3832 sansone
481 3745 535 3828 ab
556 3773 627 3829 ore
656 3757 698 3828 a
717 3743 885 3830 auribus
903 3727 1089 3829 suerum
1118 3748 1254 3860 mags
1273 3748 1491 3859 magisque
1510 3760 1737 3837 11111111.

241 3878 381 3981 Quum
402 3879 634 3988 juventutis
663 3879 707 3960 in
736 3878 945 3988 religionis
975 3880 1163 3965 doctrina
1191 3881 1298 3966 bene
1318 3881 1595 3966 instituendae
1622 3892 1740 3968 tuns

240 4015 293 4097 sit
321 4013 543 4094 necessitas
573 4023 615 4094 et
643 4012 841 4120 gravitas,
873 4024 914 4095 et
943 4011 1176 4097 sacerdotes
1207 4013 1261 4097 ob
1292 4013 1624 4117 insufficientem,
1656 4043 1739 4126 quo

240 4145 352 4256 apud
389 4171 468 4227 nos
497 4154 614 4244 sunt,
655 4166 873 4227 numerum
909 4143 1006 4228 huic
1036 4132 1173 4229 officio
1212 4148 1283 4230 vix
1313 4147 1550 4233 omnimode
1578 4151 1740 4260 possint

240 4278 492 4375 satisfacere,
533 4276 675 4360 Patres
714 4278 758 4360 in
793 4278 872 4360 hac
902 4276 1073 4387 Synodo
1104 4283 1346 4392 congregati
1374 4282 1638 4366 vehementer
1666 4286 1738 4366 ex·
1787 4277 1792 4283 ’

241 4412 387 4520 optant
415 4420 457 4492 et
485 4411 529 4491 in
559 4409 741 4493 Domino
762 4410 979 4493 hortantur
1008 4421 1193 4521 pastores
1220 4415 1472 4514 animarum,
1502 4425 1551 4497 ut
1577 4426 1739 4525 praeter

215 4543 586 4653 ,11111113111101
588 4541 733 4645 fideles
769 4548 819 4647 ac
816 4544 950 4663 pios
952 4545 1227 4663 (1111111331
1213 4573 1335 4630 sexus
1343 4547 1739 4655 immineant

239 4675 295 4756 ad
333 4703 481 4783 pueros
526 4685 567 4756 et
602 4674 811 4784 puellas
800 4703 843 4757 m
872 4675 1071 4786 religione
1108 4679 1398 4785 instituendos,
1438 4680 1634 4792 erigendo
1673 4681 1740 4763 vel

192 4837 203 4855 ·
239 4806 545 4895 resuscitando
559 4807 821 4890 sodalitatem
851 4808 1098 4925 clnistianae
1128 4801 1355 4914 doctrinae,
1394 4813 1448 4897 ab
1478 4813 1625 4898 ultima
1654 4811 1746 4923 Sy?

240 4940 352 5021 nodo
372 4923 569 5050 Pragensi
595 4952 810 5049 tantopere
831 4919 1165 5027 commendatam
1194 4955 1236 5027 et
1264 4975 1290 5026 a
1319 4957 1487 5029 sanctae
1516 4946 1739 5028 memoriae

241 5072 316 5155 Pio
336 5071 520 5185 PapaV.
542 5073 668 5186 largis
689 5073 964 5185 indulgentiis
983 5076 1289 5190 loupletatam
1322 5076 1405 5162 Sed
1420 5089 1462 5163 et
1480 5077 1739 5164 Catachistas
