3960 5956
300 301 342 365 30

272 506 425 588 ·etiam
455 502 579 587 officii
608 504 874 586 sacerdotalis
904 501 1115 603 exercitiis,
1146 505 1389 614 praeprimis
1424 506 1537 589 horis
1577 494 1788 610 canonicis

292 639 429 721 debite
468 636 771 746 persolvendis,
821 635 1151 744 frequentissimo
1201 637 1455 720 Sacramenti
1504 638 1788 722 Poenitentiac

290 772 394 869 usui,
424 771 693 882 'devotissimo
726 767 787 851 Ss.
819 768 1102 851 Eucharistiae
1132 770 1271 870 cultui,
1305 769 1616 879 frequentandis
1654 772 1787 853 recol·

173 976 176 983 .
289 904 549 985 lectionibus
565 904 691 985 sacris
721 911 889 1001 maturew
910 913 1159 1002 assuescant,
1190 916 1232 985 et
1261 905 1402 985 omnia
1430 905 1601 1013 insuper
1622 905 1787 1013 pietatis
1863 881 1876 916 ²

234 1095 236 1099 -
292 1038 484 1118 exercitia
514 1036 567 1118 ab
598 1017 796 1117 Ecclesia
814 1034 1046 1144 approbata
1076 1046 1117 1117 et
1141 1022 1436 1118 'commendata
1466 1036 1657 1146 religiose
1676 1045 1785 1121 trac·

290 1154 382 1253 tare*
406 1181 448 1252 et
477 1169 670 1251 adamare
700 1170 843 1251 sciant.
886 1156 1110 1251 Eumdem
1140 1170 1184 1250 in
1203 1168 1510 1278 finempracter
1528 1168 1786 1279 theologicas

291 1293 599 1412 praelectiones,
617 1330 723 1411 quae
738 1303 782 1382 in
797 1300 950 1385 scholis
970 1301 1184 1403 habentur,
1205 1302 1454 1384 domesticas
1474 1301 1785 1410 explanationes

290 1436 742 1544 theoretico-practices
773 1436 989 1544 excipiant,
1002 1480 1008 1496 .‚
1021 1434 1171 1542 quibus
1201 1435 1463 1543 potissimum
1483 1445 1624 1517 sacrae
1645 1431 1784 1543 Scrip-

190 1643 191 1647 .
289 1580 404 1650 turae
444 1580 485 1651 et
524 1579 761 1649 sanctourm
800 1568 991 1667 Patrum,
1033 1565 1284 1651 Catechismi
1323 1566 1505 1648 Romani
1535 1578 1577 1648 et
1605 1565 1786 1649 Concilii

256 1697 530 1800 Tridentini,
568 1710 784 1808 totumque
815 1699 1032 1800 Breviarii,
1072 1698 1261 1798 Missalis,
1302 1698 1490 1800 Ritualis,
1531 1684 1785 1781 Pontificalis

287 1825 468 1918 Romani
499 1846 540 1917 et
570 1832 892 1917 Caeremonialis
921 1829 1225 1946 Episcoporum
1255 1834 1587 1940 copiosissimum
1616 1829 1797 1913 thesian·

286 1998 379 2049 rum
418 1968 523 2051 bene
562 1996 696 2066 nosse,
738 1966 970 2075 diligenter·
992 1965 1185 2076 colligere
1216 1977 1257 2047 et
1286 1967 1353 2074 pie
1385 1966 1570 2068 venerari
1609 1963 1782 2047 discant.

246 2123 249 2128 ’
288 2100 416 2204 Cum
436 2127 558 2210 porro
600 2101 766 2210 spiritus
806 2098 1035 2198 Ecclesiae,
1077 2126 1160 2206 quo
1199 2096 1348 2180 Clerici
1386 2097 1614 2198 ardescant,
1642 2097 1784 2180 zelosa

286 2237 526 2341 praesertim
555 2234 910 2315 administratione
941 2229 1196 2313 Sacramenti
1233 2230 1513 2313 Poenitentiae
1542 2230 1784 2340 probandus

287 2366 360 2448 sit:
401 2368 640 2482 plurimum
666 2369 843 2465 interest,
884 2377 930 2446 ut
969 2364 1217 2446 solidissima
1256 2343 1491 2473 theologiae
1541 2364 1783 2459 casuisticae

286 2499 474 2581 doctrina
502 2478 741 2582 imbuantur
771 2497 894 2579 etad
925 2497 1068 2579 sedulo
1099 2507 1140 2577 et
1168 2496 1356 2579 lubenter
1386 2497 1650 2605 excipiendas
1680 2525 1782 2578 con·

284 2632 483 2717 sessiones
512 2633 824 2741 poenitentium,
855 2642 896 2712 et
934 2628 1261 2741 promovendam
1302 2628 1662 2712 Sacramentorum
1700 2628 1782 2710 fre-

286 2768 607 2873 quentationem
637 2792 804 2874 quoquo
849 2763 976 2845 modo
1021 2748 1338 2844 inflammentur.
1400 2761 1605 2872 Optamus
1645 2763 1780 2860 etiam,
1921 2823 1924 2829 .

283 2911 330 2978 ut
360 2898 551 2980 decorem
580 2899 729 2979 domus
759 2897 838 2978 Dei
869 2897 1065 2994 dilectrui,
1096 2897 1242 3004 spiritu
1272 2896 1481 2978 Ecclesiae
1512 2925 1555 2978 se
1575 2896 1781 2978 animatos

283 3032 557 3114 manifestent.
619 3031 713 3131 Quo
743 3033 893 3113 rectius
923 3033 965 3111 in
995 3042 1180 3138 ternpore
1210 3031 1307 3111 huic
1336 3029 1476 3112 officio
1510 3027 1780 3111 'sacerdotalis

284 3165 449 3272 pietatis
479 3164 751 3246 satisfaciant:
782 3176 943 3274 praeter
973 3176 1168 3245 exactam
1194 3193 1333 3245 sacrae
1372 3163 1562 3274 liturgiae
1601 3161 1780 3271 cogniti-

284 3325 407 3379 onem
436 3282 769 3407 archaeologiam
800 3326 965 3405 quoque
995 3298 1315 3379 ecclesiasticam
1346 3296 1542 3378 ediscant.
1575 3299 1630 3356 '—

401 3501 438 3578 3.
471 3496 791 3605 Systematicum
821 3499 947 3579 totius
977 3497 1211 3606 theologiae
1237 3496 1419 3588 studium
1439 3495 1663 3578 novissime
1693 3503 1778 3576 sta-

283 3629 400 3711 bilito
431 3660 504 3739 per
534 3630 766 3740 Episcopos
796 3630 963 3712 ditionis
994 3629 1234 3712 Austn'acae
1265 3629 1409 3711 ordine
1440 3627 1560 3709 amris
1600 3637 1777 3735 quatuor

282 3764 340 3843 sic
380 3753 682 3845 absolvendum
721 3776 792 3863 est,
833 3775 881 3845 ut
917 3765 1051 3871 primo
1091 3764 1261 3845 biennio
1294 3752 1572 3845 institutiones
1601 3760 1779 3869 biblicae
1835 3760 1838 3765 ’

282 3909 323 3977 et
353 3895 614 4013 dogmaticae
644 3896 867 3994 tradantur,
900 3879 1049 4004 quibus
1079 3925 1203 3978 anno·
1221 3896 1340 3978 tertio
1371 3893 1508 3977 studia
1542 3893 1777 4003 theologiae

281 4029 522 4112 moralis-et
550 4030 744 4113 historiae
775 4031 1084 4130 ecclesiasticae,
1110 4060 1225 4112 anno
1256 4030 1424 4113 demum
1451 4038 1598 4139 quarto
1618 4037 1779 4136 praeter
1891 4079 1897 4093 ‹

285 4163 516 4246 doctrinam
547 4158 795 4273 pastoralem
826 4165 1101 4247 institutiones
1123 4167 1229 4272 juris
1260 4164 1448 4247 canonici
1489 4173 1531 4245 ct
1569 4161 1667 4243 artis
1707 4190 1777 4244 ca·

291 4297 516 4379 techeticae
546 4310 887 4406 superstruantur.
1147 4289 1150 4295 ⁵

399 4431 594 4540 Exceptis
623 4431 979 4539 praelectionibus,
1011 4459 1116 4538 quae
1147 4432 1374 4539 practicam
1404 4440 1617 4537 pastorum
1658 4427 1776 4537 insti7

280 4565 482 4646 tutionem
513 4575 775 4664 concernunt,
806 4564 993 4673 reliquae
1017 4564 1213 4678 idiomate
1241 4562 1370 4643 latino
1400 4560 1673 4652 habebuntur.

352 4789 355 4795 ¹
399 4697 468 4779 sd
507 4698 820 4806 Presbyteratus
860 4698 1045 4780 ordinem
1086 4726 1170 4778 non
1210 4695 1412 4781 ,absoluto
1462 4721 1605 4775 cursus
1653 4691 1787 4803 hujus

281 4830 504 4941 theologici
546 4816 816 4940 quadriennio
858 4831 1054 4951 Episcopi
1096 4830 1302 4910 neminem
1343 4826 1657 4935 promovebunt,
1697 4824 1777 4906 nisi

282 4995 380 5046 casu
411 4965 605 5073 peculiari
636 4967 752 5047 aliter
783 4968 832 5047 iis
856 4967 996 5046 uisum
1026 4964 1156 5044 fuerit.

396 5097 503 5182 Cum
538 5127 676 5182 sacrae
707 5100 942 5208 theologiae
972 5111 1058 5178 tam
1088 5098 1171 5177 late
1200 5105 1340 5203 pateat
1370 5122 1552 5201 campus,
1593 5102 1638 5173 ut
1677 5120 1775 5202 pro-
