<?xml version="1.0" encoding="UTF-8"?>
<!DOCTYPE html PUBLIC "-//W3C//DTD XHTML 1.0 Transitional//EN"
    "http://www.w3.org/TR/xhtml1/DTD/xhtml1-transitional.dtd">
<html xmlns="http://www.w3.org/1999/xhtml" xml:lang="en" lang="en">
 <head>
  <title>
</title>
<meta http-equiv="Content-Type" content="text/html;charset=utf-8" />
  <meta name='ocr-system' content='tesseract 3.04.00' />
  <meta name='ocr-capabilities' content='ocr_page ocr_carea ocr_par ocr_line ocrx_word'/>
</head>
<body>
  <div class='ocr_page' id='page_1' title='image "actaetdecretaco00schwgoog_0105.png"; bbox 0 0 3960 5956; ppageno 0'>
   <div class='ocr_carea' id='block_1_1' title="bbox 284 275 345 343">
    <p class='ocr_par' dir='ltr' id='par_1_1' title="bbox 284 275 345 343">
     <span class='ocr_line' id='line_1_1' title="bbox 284 275 345 343; baseline -0.082 0"><span class='ocrx_word' id='word_1_1' title='bbox 284 275 345 343; x_wconf 85' lang='grc'>,38</span> 
     </span>
    </p>
   </div>
   <div class='ocr_carea' id='block_1_2' title="bbox 184 482 1901 1936">
    <p class='ocr_par' dir='ltr' id='par_1_2' title="bbox 184 482 1851 1003">
     <span class='ocr_line' id='line_1_2' title="bbox 299 482 1796 595; baseline 0.004 -25"><span class='ocrx_word' id='word_1_2' title='bbox 299 482 423 595; x_wconf 91' lang='lat' dir='ltr'>longe</span> <span class='ocrx_word' id='word_1_3' title='bbox 460 491 858 595; x_wconf 85' lang='lat' dir='ltr'>praestantissimum</span> <span class='ocrx_word' id='word_1_4' title='bbox 898 524 924 574; x_wconf 91' lang='lat' dir='ltr'>a</span> <span class='ocrx_word' id='word_1_5' title='bbox 962 493 1054 575; x_wconf 90' lang='lat' dir='ltr'>Deo</span> <span class='ocrx_word' id='word_1_6' title='bbox 1095 493 1332 575; x_wconf 89' lang='lat' dir='ltr'>hominibus</span> <span class='ocrx_word' id='word_1_7' title='bbox 1372 493 1528 591; x_wconf 89' lang='lat' dir='ltr'>datum,</span> <span class='ocrx_word' id='word_1_8' title='bbox 1568 493 1796 576; x_wconf 85' lang='lat' dir='ltr'>humanam</span> 
     </span>
     <span class='ocr_line' id='line_1_3' title="bbox 298 616 1795 735; baseline 0.007 -37"><span class='ocrx_word' id='word_1_9' title='bbox 298 619 565 703; x_wconf 81' lang='lat' dir='ltr'>nihilominus</span> <span class='ocrx_word' id='word_1_10' title='bbox 594 616 795 709; x_wconf 90' lang='lat' dir='ltr'>rationem</span> <span class='ocrx_word' id='word_1_11' title='bbox 828 639 945 709; x_wconf 90' lang='lat' dir='ltr'>tanto</span> <span class='ocrx_word' id='word_1_12' title='bbox 975 627 1172 709; x_wconf 84' lang='lat' dir='ltr'>habent</span> <span class='ocrx_word' id='word_1_13' title='bbox 1160 656 1204 707; x_wconf 90' lang='grc'>11</span> <span class='ocrx_word' id='word_1_14' title='bbox 1234 628 1376 735; x_wconf 88' lang='lat' dir='ltr'>pretio,</span> <span class='ocrx_word' id='word_1_15' title='bbox 1418 636 1643 734; x_wconf 78' lang='lat' dir='ltr'>tantopere</span> <span class='ocrx_word' id='word_1_16' title='bbox 1663 627 1795 708; x_wconf 85' lang='lat' dir='ltr'>extol·</span> 
     </span>
     <span class='ocr_line' id='line_1_4' title="bbox 184 747 1794 910; baseline 0.006 -79"><span class='ocrx_word' id='word_1_17' title='bbox 184 747 187 752; x_wconf 35' lang='lat'>*</span> <span class='ocrx_word' id='word_1_18' title='bbox 297 750 408 853; x_wconf 89' lang='lat' dir='ltr'>lunt,</span> <span class='ocrx_word' id='word_1_19' title='bbox 449 764 502 834; x_wconf 91' lang='lat' dir='ltr'>ut</span> <span class='ocrx_word' id='word_1_20' title='bbox 535 756 651 837; x_wconf 88' lang='lat' dir='ltr'>vel</span> <span class='ocrx_word' id='word_1_21' title='bbox 640 761 717 910; x_wconf 87' lang='lat' dir='ltr'>rpsi</span> <span class='ocrx_word' id='word_1_22' title='bbox 758 761 947 871; x_wconf 84' lang='lat' dir='ltr'>religioni</span> <span class='ocrx_word' id='word_1_23' title='bbox 987 759 1337 869; x_wconf 81' lang='lat' dir='ltr'>aequiparandam</span> <span class='ocrx_word' id='word_1_24' title='bbox 1367 759 1606 842; x_wconf 80' lang='lat' dir='ltr'>stultissime</span> <span class='ocrx_word' id='word_1_25' title='bbox 1636 771 1794 867; x_wconf 90' lang='lat' dir='ltr'>putent.</span> 
     </span>
     <span class='ocr_line' id='line_1_5' title="bbox 298 870 1851 1003; baseline 0.007 -37"><span class='ocrx_word' id='word_1_26' title='bbox 298 883 410 967; x_wconf 87' lang='lat' dir='ltr'>Hinc</span> <span class='ocrx_word' id='word_1_27' title='bbox 440 918 489 969; x_wconf 86' lang='lat' dir='ltr'>ex</span> <span class='ocrx_word' id='word_1_28' title='bbox 521 918 628 971; x_wconf 89' lang='lat' dir='ltr'>vana</span> <span class='ocrx_word' id='word_1_29' title='bbox 664 893 847 1000; x_wconf 83' lang='lat' dir='ltr'>ipsorum</span> <span class='ocrx_word' id='word_1_30' title='bbox 872 896 1067 1003; x_wconf 92' lang='lat' dir='ltr'>opinione</span> <span class='ocrx_word' id='word_1_31' title='bbox 1086 892 1345 1002; x_wconf 80' lang='lat' dir='ltr'>theologicae</span> <span class='ocrx_word' id='word_1_32' title='bbox 1366 870 1606 1000; x_wconf 86' lang='lat' dir='ltr'>disciplinae</span> <span class='ocrx_word' id='word_1_33' title='bbox 1626 894 1796 1002; x_wconf 85' lang='lat' dir='ltr'>perinde</span> <span class='ocrx_word' id='word_1_34' title='bbox 1849 879 1851 882; x_wconf 66' lang='lat'>‚</span> 
     </span>
    </p>

    <p class='ocr_par' dir='ltr' id='par_1_3' title="bbox 213 1018 1901 1936">
     <span class='ocr_line' id='line_1_6' title="bbox 297 1018 1901 1138; baseline 0.006 -38"><span class='ocrx_word' id='word_1_35' title='bbox 297 1046 347 1100; x_wconf 90' lang='lat' dir='ltr'>ac</span> <span class='ocrx_word' id='word_1_36' title='bbox 376 1018 688 1132; x_wconf 81' lang='lat' dir='ltr'>philosophicae</span> <span class='ocrx_word' id='word_1_37' title='bbox 718 1029 957 1111; x_wconf 86' lang='lat' dir='ltr'>tractandae</span> <span class='ocrx_word' id='word_1_38' title='bbox 987 1038 1104 1131; x_wconf 78' lang='lat' dir='ltr'>srmt3</span> <span class='ocrx_word' id='word_1_39' title='bbox 1142 1055 1237 1108; x_wconf 89' lang='lat' dir='ltr'>omn</span> <span class='ocrx_word' id='word_1_40' title='bbox 1268 1037 1407 1107; x_wconf 87' lang='lat' dir='ltr'>tamen</span> <span class='ocrx_word' id='word_1_41' title='bbox 1437 1026 1544 1107; x_wconf 86' lang='lat' dir='ltr'>illae</span> <span class='ocrx_word' id='word_1_42' title='bbox 1559 1024 1657 1108; x_wconf 88' lang='lat' dir='ltr'>fidei</span> <span class='ocrx_word' id='word_1_43' title='bbox 1688 1027 1795 1138; x_wconf 89' lang='lat' dir='ltr'>dog·</span> <span class='ocrx_word' id='word_1_44' title='bbox 1900 1048 1901 1051; x_wconf 67' lang='lat'>‘</span> 
     </span>
     <span class='ocr_line' id='line_1_7' title="bbox 297 1154 1796 1270; baseline 0.005 -36"><span class='ocrx_word' id='word_1_45' title='bbox 297 1154 479 1236; x_wconf 84' lang='lat' dir='ltr'>matibu&#39;s</span> <span class='ocrx_word' id='word_1_46' title='bbox 519 1157 765 1260; x_wconf 88' lang='lat' dir='ltr'>innitantur,</span> <span class='ocrx_word' id='word_1_47' title='bbox 807 1162 961 1270; x_wconf 87' lang='lat' dir='ltr'>quibus</span> <span class='ocrx_word' id='word_1_48' title='bbox 992 1161 1096 1243; x_wconf 92' lang='lat' dir='ltr'>nihil</span> <span class='ocrx_word' id='word_1_49' title='bbox 1126 1159 1294 1261; x_wconf 90' lang='lat' dir='ltr'>firmius,</span> <span class='ocrx_word' id='word_1_50' title='bbox 1330 1159 1432 1241; x_wconf 91' lang='lat' dir='ltr'>nihil</span> <span class='ocrx_word' id='word_1_51' title='bbox 1462 1160 1670 1266; x_wconf 65' lang='lat' dir='ltr'>stabilium</span> <span class='ocrx_word' id='word_1_52' title='bbox 1715 1163 1796 1243; x_wconf 88' lang='lat' dir='ltr'>ista</span> 
     </span>
     <span class='ocr_line' id='line_1_8' title="bbox 213 1289 1794 1403; baseline 0.004 -35"><span class='ocrx_word' id='word_1_53' title='bbox 213 1329 224 1345; x_wconf 87' lang='lat'>·</span> <span class='ocrx_word' id='word_1_54' title='bbox 296 1316 394 1369; x_wconf 87' lang='lat' dir='ltr'>vero</span> <span class='ocrx_word' id='word_1_55' title='bbox 425 1289 609 1373; x_wconf 90' lang='lat' dir='ltr'>humana</span> <span class='ocrx_word' id='word_1_56' title='bbox 639 1292 907 1402; x_wconf 84' lang='lat' dir='ltr'>explicentur.</span> <span class='ocrx_word' id='word_1_57' title='bbox 923 1306 1048 1403; x_wconf 90' lang='lat' dir='ltr'>atque</span> <span class='ocrx_word' id='word_1_58' title='bbox 1068 1295 1320 1377; x_wconf 87' lang='lat' dir='ltr'>illustrentur</span> <span class='ocrx_word' id='word_1_59' title='bbox 1348 1295 1517 1395; x_wconf 90' lang='lat' dir='ltr'>ratione,</span> <span class='ocrx_word' id='word_1_60' title='bbox 1548 1322 1655 1403; x_wconf 87' lang='lat' dir='ltr'>quae</span> <span class='ocrx_word' id='word_1_61' title='bbox 1675 1293 1794 1375; x_wconf 89' lang='lat' dir='ltr'>falla·</span> 
     </span>
     <span class='ocr_line' id='line_1_9' title="bbox 297 1420 1794 1536; baseline 0.006 -35"><span class='ocrx_word' id='word_1_62' title='bbox 297 1423 381 1511; x_wconf 83' lang='lat' dir='ltr'>ciis</span> <span class='ocrx_word' id='word_1_63' title='bbox 400 1451 449 1503; x_wconf 90' lang='grc'>11</span> <span class='ocrx_word' id='word_1_64' title='bbox 479 1427 712 1536; x_wconf 77' lang='lat' dir='ltr'>praestigiis</span> <span class='ocrx_word' id='word_1_65' title='bbox 743 1429 923 1514; x_wconf 85' lang='lat' dir='ltr'>obnoxia</span> <span class='ocrx_word' id='word_1_66' title='bbox 953 1440 1026 1510; x_wconf 88' lang='lat' dir='ltr'>est.</span> <span class='ocrx_word' id='word_1_67' title='bbox 1087 1420 1151 1510; x_wconf 88' lang='lat' dir='ltr'>lta</span> <span class='ocrx_word' id='word_1_68' title='bbox 1189 1427 1356 1536; x_wconf 91' lang='lat' dir='ltr'>quidem</span> <span class='ocrx_word' id='word_1_69' title='bbox 1394 1430 1545 1536; x_wconf 86' lang='lat' dir='ltr'>rejecta</span> <span class='ocrx_word' id='word_1_70' title='bbox 1565 1427 1794 1511; x_wconf 80' lang='lat' dir='ltr'>Ecclesiae</span> 
     </span>
     <span class='ocr_line' id='line_1_10' title="bbox 296 1559 1850 1672; baseline 0.004 -35"><span class='ocrx_word' id='word_1_71' title='bbox 296 1559 539 1640; x_wconf 88' lang='lat' dir='ltr'>auctoritate</span> <span class='ocrx_word' id='word_1_72' title='bbox 577 1559 827 1671; x_wconf 87' lang='lat' dir='ltr'>difficillimis</span> <span class='ocrx_word' id='word_1_73' title='bbox 864 1563 1096 1671; x_wconf 90' lang='lat' dir='ltr'>quibusque</span> <span class='ocrx_word' id='word_1_74' title='bbox 1140 1561 1444 1669; x_wconf 90' lang='lat' dir='ltr'>reconditisque</span> <span class='ocrx_word' id='word_1_75' title='bbox 1483 1563 1794 1670; x_wconf 89' lang='lat' dir='ltr'>quaestionibus</span> <span class='ocrx_word' id='word_1_76' title='bbox 1848 1669 1850 1672; x_wconf 22' lang='lat'>,</span> 
     </span>
     <span class='ocr_line' id='line_1_11' title="bbox 270 1687 1794 1805; baseline 0.002 -33"><span class='ocrx_word' id='word_1_77' title='bbox 270 1691 520 1773; x_wconf 90' lang='lat' dir='ltr'>latissimus</span> <span class='ocrx_word' id='word_1_78' title='bbox 550 1695 684 1801; x_wconf 88' lang='lat' dir='ltr'>patuit</span> <span class='ocrx_word' id='word_1_79' title='bbox 714 1687 897 1805; x_wconf 87' lang='lat' dir='ltr'>campus,</span> <span class='ocrx_word' id='word_1_80' title='bbox 928 1697 1115 1804; x_wconf 87' lang='lat' dir='ltr'>ratioque</span> <span class='ocrx_word' id='word_1_81' title='bbox 1155 1697 1337 1776; x_wconf 91' lang='lat' dir='ltr'>humana</span> <span class='ocrx_word' id='word_1_82' title='bbox 1374 1693 1547 1777; x_wconf 86' lang='lat' dir='ltr'>infirmis</span> <span class='ocrx_word' id='word_1_83' title='bbox 1577 1696 1661 1778; x_wconf 88' lang='lat' dir='ltr'>suis</span> <span class='ocrx_word' id='word_1_84' title='bbox 1692 1723 1794 1777; x_wconf 86' lang='lat' dir='ltr'>oon-</span> 
     </span>
     <span class='ocr_line' id='line_1_12' title="bbox 295 1823 1794 1936; baseline 0.003 -32"><span class='ocrx_word' id='word_1_85' title='bbox 295 1823 372 1905; x_wconf 83' lang='lat' dir='ltr'>fisa</span> <span class='ocrx_word' id='word_1_86' title='bbox 410 1825 566 1907; x_wconf 91' lang='lat' dir='ltr'>viribus</span> <span class='ocrx_word' id='word_1_87' title='bbox 605 1826 794 1910; x_wconf 88' lang='lat' dir='ltr'>licentius</span> <span class='ocrx_word' id='word_1_88' title='bbox 834 1858 1071 1929; x_wconf 78' lang='lat' dir='ltr'>excurrens,</span> <span class='ocrx_word' id='word_1_89' title='bbox 1112 1829 1371 1936; x_wconf 89' lang='lat' dir='ltr'>turpissimos</span> <span class='ocrx_word' id='word_1_90' title='bbox 1410 1829 1451 1908; x_wconf 93' lang='lat' dir='ltr'>in</span> <span class='ocrx_word' id='word_1_91' title='bbox 1476 1833 1654 1909; x_wconf 88' lang='lat' dir='ltr'>errores·</span> <span class='ocrx_word' id='word_1_92' title='bbox 1676 1828 1794 1936; x_wconf 91' lang='lat' dir='ltr'>lapsa</span> 
     </span>
    </p>
   </div>
   <div class='ocr_carea' id='block_1_3' title="bbox 296 1958 1944 2203">
    <p class='ocr_par' dir='ltr' id='par_1_4' title="bbox 296 1958 1944 2203">
     <span class='ocr_line' id='line_1_13' title="bbox 296 1958 1940 2072; baseline 0.002 -33"><span class='ocrx_word' id='word_1_93' title='bbox 296 1968 375 2057; x_wconf 86' lang='lat' dir='ltr'>est,</span> <span class='ocrx_word' id='word_1_94' title='bbox 417 1961 487 2071; x_wconf 92' lang='lat' dir='ltr'>qui</span> <span class='ocrx_word' id='word_1_95' title='bbox 528 1962 570 2067; x_wconf 90' lang='lat' dir='ltr'>in</span> <span class='ocrx_word' id='word_1_96' title='bbox 600 1962 810 2072; x_wconf 81' lang='lat' dir='ltr'>religionis</span> <span class='ocrx_word' id='word_1_97' title='bbox 824 1971 826 1975; x_wconf 82' lang='grc'><strong>’</strong></span> <span class='ocrx_word' id='word_1_98' title='bbox 840 1975 882 2045; x_wconf 87' lang='grc'>11</span> <span class='ocrx_word' id='word_1_99' title='bbox 912 1962 1042 2044; x_wconf 88' lang='lat' dir='ltr'>civilis</span> <span class='ocrx_word' id='word_1_100' title='bbox 1072 1964 1128 2043; x_wconf 90' lang='lat' dir='ltr'>rei</span> <span class='ocrx_word' id='word_1_101' title='bbox 1166 1958 1458 2043; x_wconf 86' lang='lat' dir='ltr'>detrimentum</span> <span class='ocrx_word' id='word_1_102' title='bbox 1487 1959 1672 2069; x_wconf 92' lang='lat' dir='ltr'>illudque</span> <span class='ocrx_word' id='word_1_103' title='bbox 1701 1989 1793 2042; x_wconf 89' lang='lat' dir='ltr'>ma·</span> <span class='ocrx_word' id='word_1_104' title='bbox 1937 1997 1940 2005; x_wconf 46' lang='lat'>¹</span> 
     </span>
     <span class='ocr_line' id='line_1_14' title="bbox 296 2093 1944 2203; baseline 0.002 -31"><span class='ocrx_word' id='word_1_105' title='bbox 296 2093 454 2174; x_wconf 87' lang='lat' dir='ltr'>ximum</span> <span class='ocrx_word' id='word_1_106' title='bbox 470 2094 763 2182; x_wconf 83' lang='lat' dir='ltr'>redundarunt.</span> <span class='ocrx_word' id='word_1_107' title='bbox 792 2095 1074 2195; x_wconf 80' lang='lat' dir='ltr'>Quamobrem</span> <span class='ocrx_word' id='word_1_108' title='bbox 1090 2096 1178 2177; x_wconf 87' lang='lat' dir='ltr'>istis</span> <span class='ocrx_word' id='word_1_109' title='bbox 1194 2093 1441 2191; x_wconf 89' lang='lat' dir='ltr'>hominibus,</span> <span class='ocrx_word' id='word_1_110' title='bbox 1461 2096 1532 2201; x_wconf 94' lang='lat' dir='ltr'>qui</span> <span class='ocrx_word' id='word_1_111' title='bbox 1547 2095 1642 2203; x_wconf 92' lang='lat' dir='ltr'>plus</span> <span class='ocrx_word' id='word_1_112' title='bbox 1657 2122 1791 2202; x_wconf 89' lang='lat' dir='ltr'>aequo</span> <span class='ocrx_word' id='word_1_113' title='bbox 1941 2112 1944 2116; x_wconf 75' lang='grc'><strong>“</strong></span> 
     </span>
    </p>
   </div>
   <div class='ocr_carea' id='block_1_4' title="bbox 276 2213 1792 2335">
    <p class='ocr_par' dir='ltr' id='par_1_5' title="bbox 276 2213 1792 2335">
     <span class='ocr_line' id='line_1_15' title="bbox 276 2213 1792 2335; baseline 0.002 -28"><span class='ocrx_word' id='word_1_114' title='bbox 276 2227 403 2308; x_wconf 51' lang='lat' dir='ltr'>&gt;vires</span> <span class='ocrx_word' id='word_1_115' title='bbox 433 2228 607 2309; x_wconf 89' lang='lat' dir='ltr'>effemnt</span> <span class='ocrx_word' id='word_1_116' title='bbox 627 2229 808 2311; x_wconf 89' lang='lat' dir='ltr'>humane</span> <span class='ocrx_word' id='word_1_117' title='bbox 829 2231 1010 2327; x_wconf 88' lang='lat' dir='ltr'>rationis,</span> <span class='ocrx_word' id='word_1_118' title='bbox 1042 2213 1256 2310; x_wconf 81' lang='lat' dir='ltr'>ostendere</span> <span class='ocrx_word' id='word_1_119' title='bbox 1280 2236 1453 2335; x_wconf 82' lang='lat' dir='ltr'>oportet,</span> <span class='ocrx_word' id='word_1_120' title='bbox 1484 2227 1668 2335; x_wconf 88' lang='lat' dir='ltr'>planeid</span> <span class='ocrx_word' id='word_1_121' title='bbox 1691 2256 1792 2310; x_wconf 89' lang='lat' dir='ltr'>con-</span> 
     </span>
    </p>
   </div>
   <div class='ocr_carea' id='block_1_5' title="bbox 296 2354 1931 2471">
    <p class='ocr_par' dir='ltr' id='par_1_6' title="bbox 296 2354 1931 2471">
     <span class='ocr_line' id='line_1_16' title="bbox 296 2354 1931 2471; baseline 0.001 -31"><span class='ocrx_word' id='word_1_122' title='bbox 296 2362 464 2442; x_wconf 82' lang='lat' dir='ltr'>trarium</span> <span class='ocrx_word' id='word_1_123' title='bbox 506 2355 977 2452; x_wconf 66' lang='grc' dir='ltr'>1111111111111111111Ι</span> <span class='ocrx_word' id='word_1_124' title='bbox 1007 2354 1233 2444; x_wconf 85' lang='grc'>1111111111</span> <span class='ocrx_word' id='word_1_125' title='bbox 1268 2360 1463 2442; x_wconf 84' lang='lat' dir='ltr'>Docton&#39;s</span> <span class='ocrx_word' id='word_1_126' title='bbox 1492 2362 1702 2471; x_wconf 89' lang='lat' dir='ltr'>gentium:</span> <span class='ocrx_word' id='word_1_127' title='bbox 1749 2361 1793 2444; x_wconf 82' lang='lat' dir='ltr'>Si</span> <span class='ocrx_word' id='word_1_128' title='bbox 1927 2456 1931 2460; x_wconf 20' lang='lat'><strong>⁴</strong></span> 
     </span>
    </p>
   </div>
   <div class='ocr_carea' id='block_1_6' title="bbox 296 2494 1804 2604">
    <p class='ocr_par' dir='ltr' id='par_1_7' title="bbox 296 2494 1804 2604">
     <span class='ocr_line' id='line_1_17' title="bbox 296 2494 1804 2604; baseline 0.001 -30"><span class='ocrx_word' id='word_1_129' title='bbox 296 2495 388 2601; x_wconf 91' lang='lat' dir='ltr'>quis</span> <span class='ocrx_word' id='word_1_130' title='bbox 418 2505 537 2602; x_wconf 90' lang='lat' dir='ltr'>putet</span> <span class='ocrx_word' id='word_1_131' title='bbox 566 2524 610 2577; x_wconf 89' lang='lat' dir='ltr'>se</span> <span class='ocrx_word' id='word_1_132' title='bbox 640 2497 795 2604; x_wconf 90' lang='lat' dir='ltr'>aliquid</span> <span class='ocrx_word' id='word_1_133' title='bbox 826 2526 926 2595; x_wconf 90' lang='lat' dir='ltr'>esse,</span> <span class='ocrx_word' id='word_1_134' title='bbox 958 2526 1053 2577; x_wconf 93' lang='lat' dir='ltr'>cum</span> <span class='ocrx_word' id='word_1_135' title='bbox 1084 2495 1186 2580; x_wconf 91' lang='lat' dir='ltr'>nihil</span> <span class='ocrx_word' id='word_1_136' title='bbox 1217 2496 1280 2592; x_wconf 90' lang='lat' dir='ltr'>sit,</span> <span class='ocrx_word' id='word_1_137' title='bbox 1311 2496 1399 2602; x_wconf 91' lang='lat' dir='ltr'>ipse</span> <span class='ocrx_word' id='word_1_138' title='bbox 1429 2523 1473 2576; x_wconf 90' lang='lat' dir='ltr'>se</span> <span class='ocrx_word' id='word_1_139' title='bbox 1503 2494 1672 2577; x_wconf 90' lang='lat' dir='ltr'>seducit.</span> <span class='ocrx_word' id='word_1_140' title='bbox 1704 2494 1804 2576; x_wconf 62' lang='lat' dir='ltr'>De</span> 
     </span>
    </p>
   </div>
   <div class='ocr_carea' id='block_1_7' title="bbox 169 2628 1792 2739">
    <p class='ocr_par' dir='ltr' id='par_1_8' title="bbox 169 2628 1792 2739">
     <span class='ocr_line' id='line_1_18' title="bbox 169 2628 1792 2739; baseline 0.002 -33"><span class='ocrx_word' id='word_1_141' title='bbox 169 2677 172 2684; x_wconf 94' lang='lat'><em>-</em></span> <span class='ocrx_word' id='word_1_142' title='bbox 260 2665 263 2670; x_wconf 94' lang='lat'><em>·</em></span> <span class='ocrx_word' id='word_1_143' title='bbox 295 2628 609 2715; x_wconf 90' lang='lat' dir='ltr'>monstrandum</span> <span class='ocrx_word' id='word_1_144' title='bbox 648 2629 731 2717; x_wconf 82' lang='lat' dir='ltr'>illis</span> <span class='ocrx_word' id='word_1_145' title='bbox 771 2640 853 2729; x_wconf 89' lang='lat' dir='ltr'>est,</span> <span class='ocrx_word' id='word_1_146' title='bbox 894 2640 1074 2739; x_wconf 90' lang='lat' dir='ltr'>quantae</span> <span class='ocrx_word' id='word_1_147' title='bbox 1114 2631 1167 2737; x_wconf 81' lang='lat' dir='ltr'>sit</span> <span class='ocrx_word' id='word_1_148' title='bbox 1211 2628 1471 2737; x_wconf 87' lang='lat' dir='ltr'>arrogantiae</span> <span class='ocrx_word' id='word_1_149' title='bbox 1515 2629 1792 2739; x_wconf 85' lang='lat' dir='ltr'>pervestigare</span> 
     </span>
    </p>
   </div>
   <div class='ocr_carea' id='block_1_8' title="bbox 233 2759 1790 2880">
    <p class='ocr_par' dir='ltr' id='par_1_9' title="bbox 233 2759 1790 2880">
     <span class='ocr_line' id='line_1_19' title="bbox 233 2759 1790 2880; baseline 0.001 -40"><span class='ocrx_word' id='word_1_150' title='bbox 233 2851 235 2855; x_wconf 30' lang='grc'>,</span> <span class='ocrx_word' id='word_1_151' title='bbox 295 2762 502 2868; x_wconf 88' lang='lat' dir='ltr'>mysteria,</span> <span class='ocrx_word' id='word_1_152' title='bbox 533 2790 639 2870; x_wconf 90' lang='lat' dir='ltr'>quae</span> <span class='ocrx_word' id='word_1_153' title='bbox 661 2764 840 2846; x_wconf 87' lang='lat' dir='ltr'>revelare</span> <span class='ocrx_word' id='word_1_154' title='bbox 861 2759 988 2861; x_wconf 74' lang='lat' dir='ltr'>nobis‘</span> <span class='ocrx_word' id='word_1_155' title='bbox 1001 2764 1198 2880; x_wconf 85' lang='lat' dir='ltr'>dignatus</span> <span class='ocrx_word' id='word_1_156' title='bbox 1219 2772 1282 2843; x_wconf 90' lang='lat' dir='ltr'>est</span> <span class='ocrx_word' id='word_1_157' title='bbox 1301 2760 1644 2844; x_wconf 90' lang='lat' dir='ltr'>clementissimus</span> <span class='ocrx_word' id='word_1_158' title='bbox 1665 2761 1790 2874; x_wconf 89' lang='lat' dir='ltr'>Deus,</span> 
     </span>
    </p>
   </div>
   <div class='ocr_carea' id='block_1_9' title="bbox 170 2892 1792 3011">
    <p class='ocr_par' dir='ltr' id='par_1_10' title="bbox 170 2892 1792 3011">
     <span class='ocr_line' id='line_1_20' title="bbox 170 2892 1792 3011; baseline 0.002 -38"><span class='ocrx_word' id='word_1_159' title='bbox 170 2973 174 2981; x_wconf 81' lang='grc'>,</span> <span class='ocrx_word' id='word_1_160' title='bbox 296 2892 522 3002; x_wconf 88' lang='lat' dir='ltr'>eademque</span> <span class='ocrx_word' id='word_1_161' title='bbox 552 2899 716 3005; x_wconf 89' lang='lat' dir='ltr'>assequi</span> <span class='ocrx_word' id='word_1_162' title='bbox 747 2898 1047 3011; x_wconf 86' lang='lat' dir='ltr'>complectique</span> <span class='ocrx_word' id='word_1_163' title='bbox 1078 2895 1228 2977; x_wconf 90' lang='lat' dir='ltr'>audere</span> <span class='ocrx_word' id='word_1_164' title='bbox 1254 2896 1460 2976; x_wconf 86' lang='lat' dir='ltr'>humanae</span> <span class='ocrx_word' id='word_1_165' title='bbox 1479 2896 1630 3005; x_wconf 87' lang='lat' dir='ltr'>mentis</span> <span class='ocrx_word' id='word_1_166' title='bbox 1659 2894 1792 2978; x_wconf 90' lang='lat' dir='ltr'>imbe-</span> 
     </span>
    </p>
   </div>
   <div class='ocr_carea' id='block_1_10' title="bbox 266 3026 1891 5014">
    <p class='ocr_par' dir='ltr' id='par_1_11' title="bbox 266 3026 1891 3400">
     <span class='ocr_line' id='line_1_21' title="bbox 295 3026 1891 3179; baseline 0 -71"><span class='ocrx_word' id='word_1_167' title='bbox 295 3027 462 3109; x_wconf 84' lang='lat' dir='ltr'>cillitate</span> <span class='ocrx_word' id='word_1_168' title='bbox 493 3039 534 3109; x_wconf 89' lang='lat' dir='ltr'>et</span> <span class='ocrx_word' id='word_1_169' title='bbox 563 3033 775 3179; x_wconf 83' lang='lat' dir='ltr'>angustiis,</span> <span class='ocrx_word' id='word_1_170' title='bbox 808 3060 902 3112; x_wconf 90' lang='lat' dir='ltr'>oum</span> <span class='ocrx_word' id='word_1_171' title='bbox 933 3030 1173 3139; x_wconf 89' lang='lat' dir='ltr'>longissime</span> <span class='ocrx_word' id='word_1_172' title='bbox 1203 3028 1310 3109; x_wconf 86' lang='lat' dir='ltr'>vires</span> <span class='ocrx_word' id='word_1_173' title='bbox 1340 3026 1542 3109; x_wconf 87' lang='lat' dir='ltr'>excedant</span> <span class='ocrx_word' id='word_1_174' title='bbox 1566 3029 1791 3110; x_wconf 84' lang='grc'>11111111-</span> <span class='ocrx_word' id='word_1_175' title='bbox 1887 3027 1891 3035; x_wconf 54' lang='lat'><strong>⁴</strong></span> 
     </span>
     <span class='ocr_line' id='line_1_22' title="bbox 266 3148 1791 3331; baseline 0 -91"><span class='ocrx_word' id='word_1_176' title='bbox 266 3148 492 3253; x_wconf 35' lang='lat' dir='ltr'>‘tellectus</span> <span class='ocrx_word' id='word_1_177' title='bbox 533 3163 603 3268; x_wconf 89' lang='lat' dir='ltr'>qui</span> <span class='ocrx_word' id='word_1_178' title='bbox 644 3192 693 3243; x_wconf 88' lang='lat' dir='ltr'>ex</span> <span class='ocrx_word' id='word_1_179' title='bbox 735 3162 925 3272; x_wconf 84' lang='lat' dir='ltr'>Apostoli</span> <span class='ocrx_word' id='word_1_180' title='bbox 967 3163 1151 3301; x_wconf 80' lang='lat' dir='ltr'>eiusdem</span> <span class='ocrx_word' id='word_1_181' title='bbox 1191 3160 1303 3241; x_wconf 85' lang='grc'>(11111</span> <span class='ocrx_word' id='word_1_182' title='bbox 1344 3159 1617 3331; x_wconf 87' lang='lat' dir='ltr'>captivandus</span> <span class='ocrx_word' id='word_1_183' title='bbox 1657 3161 1759 3243; x_wconf 91' lang='lat' dir='ltr'>est</span> <span class='ocrx_word' id='word_1_184' title='bbox 1746 3188 1791 3240; x_wconf 90' lang='grc'>11</span> 
     </span>
     <span class='ocr_line' id='line_1_23' title="bbox 296 3290 1584 3400; baseline 0.003 -29"><span class='ocrx_word' id='word_1_185' title='bbox 296 3290 542 3400; x_wconf 89' lang='lat' dir='ltr'>obsequium</span> <span class='ocrx_word' id='word_1_186' title='bbox 573 3292 707 3375; x_wconf 68' lang='grc' dir='ltr'>111111.α</span> <span class='ocrx_word' id='word_1_187' title='bbox 737 3291 771 3374; x_wconf 78' lang='grc'>21</span> <span class='ocrx_word' id='word_1_188' title='bbox 1575 3323 1584 3336; x_wconf 78' lang='grc'><em>’</em></span> 
     </span>
    </p>

    <p class='ocr_par' dir='ltr' id='par_1_12' title="bbox 275 3423 1835 4968">
     <span class='ocr_line' id='line_1_24' title="bbox 411 3423 1835 3542; baseline 0.001 -36"><span class='ocrx_word' id='word_1_189' title='bbox 411 3423 564 3542; x_wconf 87' lang='lat' dir='ltr'>Hinc</span> <span class='ocrx_word' id='word_1_190' title='bbox 564 3428 699 3511; x_wconf 89' lang='lat' dir='ltr'>omnis</span> <span class='ocrx_word' id='word_1_191' title='bbox 737 3428 1030 3524; x_wconf 82' lang='lat' dir='ltr'>ratiocinatiO,¹</span> <span class='ocrx_word' id='word_1_192' title='bbox 1055 3430 1161 3535; x_wconf 91' lang='lat' dir='ltr'>quae</span> <span class='ocrx_word' id='word_1_193' title='bbox 1201 3455 1251 3506; x_wconf 86' lang='lat' dir='ltr'>ex</span> <span class='ocrx_word' id='word_1_194' title='bbox 1292 3425 1550 3508; x_wconf 87' lang='lat' dir='ltr'>evidentibus</span> <span class='ocrx_word' id='word_1_195' title='bbox 1585 3453 1635 3505; x_wconf 87' lang='lat' dir='ltr'>ac</span> <span class='ocrx_word' id='word_1_196' title='bbox 1670 3426 1792 3507; x_wconf 86' lang='lat' dir='ltr'>certis</span> <span class='ocrx_word' id='word_1_197' title='bbox 1831 3487 1835 3497; x_wconf 72' lang='lat'><em>.</em></span> 
     </span>
     <span class='ocr_line' id='line_1_25' title="bbox 275 3556 1792 3667; baseline 0 -28"><span class='ocrx_word' id='word_1_198' title='bbox 275 3558 506 3666; x_wconf 73' lang='lat' dir='ltr'>&#39;principiis</span> <span class='ocrx_word' id='word_1_199' title='bbox 545 3559 745 3667; x_wconf 86' lang='lat' dir='ltr'>factisque</span> <span class='ocrx_word' id='word_1_200' title='bbox 784 3560 1054 3642; x_wconf 87' lang='lat' dir='ltr'>indubitatis</span> <span class='ocrx_word' id='word_1_201' title='bbox 1067 3559 1244 3660; x_wconf 87' lang='lat' dir='ltr'>orditur</span> <span class='ocrx_word' id='word_1_202' title='bbox 1285 3587 1380 3641; x_wconf 91' lang='lat' dir='ltr'>eum</span> <span class='ocrx_word' id='word_1_203' title='bbox 1419 3558 1463 3639; x_wconf 94' lang='lat' dir='ltr'>in</span> <span class='ocrx_word' id='word_1_204' title='bbox 1492 3556 1618 3640; x_wconf 88' lang='lat' dir='ltr'>finem</span> <span class='ocrx_word' id='word_1_205' title='bbox 1648 3556 1792 3640; x_wconf 89' lang='lat' dir='ltr'>tendat</span> 
     </span>
     <span class='ocr_line' id='line_1_26' title="bbox 295 3666 1791 3800; baseline 0.001 -29"><span class='ocrx_word' id='word_1_206' title='bbox 295 3701 478 3797; x_wconf 84' lang='lat' dir='ltr'>oportet,</span> <span class='ocrx_word' id='word_1_207' title='bbox 519 3702 566 3771; x_wconf 91' lang='lat' dir='ltr'>ut</span> <span class='ocrx_word' id='word_1_208' title='bbox 605 3721 673 3790; x_wconf 88' lang='lat' dir='ltr'>ea,</span> <span class='ocrx_word' id='word_1_209' title='bbox 715 3721 821 3800; x_wconf 91' lang='lat' dir='ltr'>quae</span> <span class='ocrx_word' id='word_1_210' title='bbox 839 3728 842 3733; x_wconf 63' lang='grc'><em>’</em></span> <span class='ocrx_word' id='word_1_211' title='bbox 862 3721 912 3773; x_wconf 85' lang='lat' dir='ltr'>ex</span> <span class='ocrx_word' id='word_1_212' title='bbox 951 3693 1121 3774; x_wconf 90' lang='lat' dir='ltr'>internis</span> <span class='ocrx_word' id='word_1_213' title='bbox 1157 3691 1385 3773; x_wconf 91' lang='lat' dir='ltr'>rationibus</span> <span class='ocrx_word' id='word_1_214' title='bbox 1423 3719 1518 3772; x_wconf 88' lang='grc'>1111</span> <span class='ocrx_word' id='word_1_215' title='bbox 1548 3666 1791 3772; x_wconf 86' lang='lat' dir='ltr'>certitudine</span> 
     </span>
     <span class='ocr_line' id='line_1_27' title="bbox 294 3821 1791 3933; baseline 0.001 -31"><span class='ocrx_word' id='word_1_216' title='bbox 294 3821 460 3929; x_wconf 90' lang='lat' dir='ltr'>probari</span> <span class='ocrx_word' id='word_1_217' title='bbox 491 3836 676 3930; x_wconf 88' lang='lat' dir='ltr'>possunt,</span> <span class='ocrx_word' id='word_1_218' title='bbox 706 3852 851 3933; x_wconf 89' lang='lat' dir='ltr'>reapse</span> <span class='ocrx_word' id='word_1_219' title='bbox 875 3836 930 3905; x_wconf 70' lang='lat' dir='ltr'>&#39;ao</span> <span class='ocrx_word' id='word_1_220' title='bbox 960 3825 1183 3906; x_wconf 91' lang='lat' dir='ltr'>rectissime</span> <span class='ocrx_word' id='word_1_221' title='bbox 1208 3824 1445 3931; x_wconf 85' lang='lat' dir='ltr'>probentur,</span> <span class='ocrx_word' id='word_1_222' title='bbox 1476 3822 1646 3906; x_wconf 87' lang='lat' dir='ltr'>seclusis</span> <span class='ocrx_word' id='word_1_223' title='bbox 1674 3821 1791 3904; x_wconf 90' lang='lat' dir='ltr'>vide·</span> 
     </span>
     <span class='ocr_line' id='line_1_28' title="bbox 292 3954 1790 4065; baseline 0.001 -31"><span class='ocrx_word' id='word_1_224' title='bbox 292 3954 390 4035; x_wconf 90' lang='lat' dir='ltr'>licet</span> <span class='ocrx_word' id='word_1_225' title='bbox 430 3954 869 4054; x_wconf 88' lang='lat' dir='ltr'>demonstrationibus,</span> <span class='ocrx_word' id='word_1_226' title='bbox 912 3985 1018 4065; x_wconf 91' lang='lat' dir='ltr'>quae</span> <span class='ocrx_word' id='word_1_227' title='bbox 1058 3957 1122 4038; x_wconf 92' lang='lat' dir='ltr'>vel</span> <span class='ocrx_word' id='word_1_228' title='bbox 1160 3956 1273 4038; x_wconf 88' lang='lat' dir='ltr'>falsis</span> <span class='ocrx_word' id='word_1_229' title='bbox 1309 3955 1520 4064; x_wconf 76' lang='lat' dir='ltr'>principiis</span> <span class='ocrx_word' id='word_1_230' title='bbox 1549 3955 1790 4055; x_wconf 86' lang='lat' dir='ltr'>innituntur,</span> 
     </span>
     <span class='ocr_line' id='line_1_29' title="bbox 293 4088 1788 4201; baseline 0.001 -35"><span class='ocrx_word' id='word_1_231' title='bbox 293 4088 360 4167; x_wconf 91' lang='lat' dir='ltr'>vel</span> <span class='ocrx_word' id='word_1_232' title='bbox 391 4088 497 4169; x_wconf 87' lang='lat' dir='ltr'>veris</span> <span class='ocrx_word' id='word_1_233' title='bbox 527 4089 756 4172; x_wconf 89' lang='lat' dir='ltr'>admiscent</span> <span class='ocrx_word' id='word_1_234' title='bbox 785 4090 899 4187; x_wconf 87' lang='lat' dir='ltr'>falsa,</span> <span class='ocrx_word' id='word_1_235' title='bbox 938 4090 1003 4172; x_wconf 90' lang='lat' dir='ltr'>vel</span> <span class='ocrx_word' id='word_1_236' title='bbox 1034 4091 1076 4170; x_wconf 91' lang='lat' dir='ltr'>in</span> <span class='ocrx_word' id='word_1_237' title='bbox 1106 4117 1257 4198; x_wconf 88' lang='lat' dir='ltr'>genere</span> <span class='ocrx_word' id='word_1_238' title='bbox 1286 4089 1386 4201; x_wconf 89' lang='lat' dir='ltr'>vitio</span> <span class='ocrx_word' id='word_1_239' title='bbox 1417 4089 1557 4198; x_wconf 89' lang='lat' dir='ltr'>aliquo</span> <span class='ocrx_word' id='word_1_240' title='bbox 1587 4088 1788 4170; x_wconf 90' lang='lat' dir='ltr'>laborant.</span> 
     </span>
     <span class='ocr_line' id='line_1_30' title="bbox 295 4217 1790 4321; baseline 0.001 -20"><span class='ocrx_word' id='word_1_241' title='bbox 295 4217 423 4302; x_wconf 83' lang='lat' dir='ltr'>Secus</span> <span class='ocrx_word' id='word_1_242' title='bbox 452 4221 562 4301; x_wconf 90' lang='lat' dir='ltr'>enim</span> <span class='ocrx_word' id='word_1_243' title='bbox 594 4224 812 4304; x_wconf 89' lang='lat' dir='ltr'>conamina</span> <span class='ocrx_word' id='word_1_244' title='bbox 843 4223 945 4304; x_wconf 90' lang='lat' dir='ltr'>haec</span> <span class='ocrx_word' id='word_1_245' title='bbox 974 4225 1017 4305; x_wconf 89' lang='lat' dir='ltr'>in</span> <span class='ocrx_word' id='word_1_246' title='bbox 1047 4223 1339 4304; x_wconf 87' lang='lat' dir='ltr'>detrimentum</span> <span class='ocrx_word' id='word_1_247' title='bbox 1368 4217 1465 4301; x_wconf 88' lang='lat' dir='ltr'>fidei</span> <span class='ocrx_word' id='word_1_248' title='bbox 1488 4221 1646 4321; x_wconf 90' lang='lat' dir='ltr'>cedent,</span> <span class='ocrx_word' id='word_1_249' title='bbox 1677 4222 1790 4317; x_wconf 87' lang='lat' dir='ltr'>etin</span> 
     </span>
     <span class='ocr_line' id='line_1_31' title="bbox 294 4344 1790 4463; baseline 0.003 -31"><span class='ocrx_word' id='word_1_250' title='bbox 294 4352 523 4433; x_wconf 87' lang='lat' dir='ltr'>irrisionem</span> <span class='ocrx_word' id='word_1_251' title='bbox 553 4354 781 4452; x_wconf 92' lang='lat' dir='ltr'>hominum,</span> <span class='ocrx_word' id='word_1_252' title='bbox 813 4356 884 4462; x_wconf 91' lang='lat' dir='ltr'>qui</span> <span class='ocrx_word' id='word_1_253' title='bbox 915 4355 1028 4463; x_wconf 93' lang='lat' dir='ltr'>quod</span> <span class='ocrx_word' id='word_1_254' title='bbox 1058 4344 1380 4436; x_wconf 87' lang='lat' dir='ltr'>ratiocinationis</span> <span class='ocrx_word' id='word_1_255' title='bbox 1406 4353 1552 4434; x_wconf 88' lang='lat' dir='ltr'>vitium</span> <span class='ocrx_word' id='word_1_256' title='bbox 1573 4363 1645 4452; x_wconf 86' lang='lat' dir='ltr'>est,</span> <span class='ocrx_word' id='word_1_257' title='bbox 1669 4352 1790 4439; x_wconf 84' lang='lat' dir='ltr'>-infir-</span> 
     </span>
     <span class='ocr_line' id='line_1_32' title="bbox 293 4485 1791 4603; baseline 0 -37"><span class='ocrx_word' id='word_1_258' title='bbox 293 4486 427 4567; x_wconf 86' lang='lat' dir='ltr'>mitati</span> <span class='ocrx_word' id='word_1_259' title='bbox 457 4515 604 4603; x_wconf 87' lang='lat' dir='ltr'>causae</span> <span class='ocrx_word' id='word_1_260' title='bbox 635 4487 865 4570; x_wconf 90' lang='lat' dir='ltr'>adscribere</span> <span class='ocrx_word' id='word_1_261' title='bbox 895 4488 1040 4570; x_wconf 88' lang='lat' dir='ltr'>solent.</span> <span class='ocrx_word' id='word_1_262' title='bbox 1102 4485 1363 4595; x_wconf 80' lang='lat' dir='ltr'>Quicumque</span> <span class='ocrx_word' id='word_1_263' title='bbox 1402 4488 1528 4595; x_wconf 88' lang='lat' dir='ltr'>igitur</span> <span class='ocrx_word' id='word_1_264' title='bbox 1566 4487 1609 4567; x_wconf 92' lang='lat' dir='ltr'>in</span> <span class='ocrx_word' id='word_1_265' title='bbox 1639 4485 1718 4566; x_wconf 85' lang='lat' dir='ltr'>hac</span> <span class='ocrx_word' id='word_1_266' title='bbox 1747 4515 1791 4567; x_wconf 91' lang='lat' dir='ltr'>re</span> 
     </span>
     <span class='ocr_line' id='line_1_33' title="bbox 294 4617 1789 4729; baseline 0.001 -32"><span class='ocrx_word' id='word_1_267' title='bbox 294 4617 446 4699; x_wconf 85' lang='lat' dir='ltr'>auxilio</span> <span class='ocrx_word' id='word_1_268' title='bbox 477 4646 577 4701; x_wconf 86' lang='lat' dir='ltr'>esse</span> <span class='ocrx_word' id='word_1_269' title='bbox 596 4619 784 4729; x_wconf 92' lang='lat' dir='ltr'>religioni</span> <span class='ocrx_word' id='word_1_270' title='bbox 814 4620 1058 4721; x_wconf 90' lang='lat' dir='ltr'>desiderant,</span> <span class='ocrx_word' id='word_1_271' title='bbox 1094 4649 1179 4701; x_wconf 90' lang='lat' dir='ltr'>nou</span> <span class='ocrx_word' id='word_1_272' title='bbox 1216 4629 1379 4701; x_wconf 86' lang='lat' dir='ltr'>tanturn</span> <span class='ocrx_word' id='word_1_273' title='bbox 1416 4619 1598 4728; x_wconf 91' lang='lat' dir='ltr'>limpidis</span> <span class='ocrx_word' id='word_1_274' title='bbox 1628 4645 1789 4727; x_wconf 89' lang='lat' dir='ltr'>semper</span> 
     </span>
     <span class='ocr_line' id='line_1_34' title="bbox 294 4748 1788 4862; baseline 0.001 -33"><span class='ocrx_word' id='word_1_275' title='bbox 294 4748 478 4831; x_wconf 91' lang='lat' dir='ltr'>fontibus</span> <span class='ocrx_word' id='word_1_276' title='bbox 507 4752 774 4861; x_wconf 86' lang='lat' dir='ltr'>probatisque</span> <span class='ocrx_word' id='word_1_277' title='bbox 803 4755 1012 4862; x_wconf 86' lang='lat' dir='ltr'>magistris</span> <span class='ocrx_word' id='word_1_278' title='bbox 1041 4764 1221 4853; x_wconf 87' lang='lat' dir='ltr'>utantur,</span> <span class='ocrx_word' id='word_1_279' title='bbox 1261 4751 1335 4834; x_wconf 91' lang='lat' dir='ltr'>sed</span> <span class='ocrx_word' id='word_1_280' title='bbox 1371 4763 1467 4835; x_wconf 88' lang='lat' dir='ltr'>ante</span> <span class='ocrx_word' id='word_1_281' title='bbox 1505 4751 1645 4833; x_wconf 85' lang='lat' dir='ltr'>omnia</span> <span class='ocrx_word' id='word_1_282' title='bbox 1674 4748 1788 4831; x_wconf 85' lang='lat' dir='ltr'>infir-</span> 
     </span>
     <span class='ocr_line' id='line_1_35' title="bbox 289 4857 1789 5014; baseline 0 -53"><span class='ocrx_word' id='word_1_283' title='bbox 289 4881 449 4963; x_wconf 87' lang='lat' dir='ltr'>mitatis</span> <span class='ocrx_word' id='word_1_284' title='bbox 478 4885 628 4965; x_wconf 88' lang='lat' dir='ltr'>mentis</span> <span class='ocrx_word' id='word_1_285' title='bbox 658 4884 863 4966; x_wconf 90' lang='lat' dir='ltr'>humanae</span> <span class='ocrx_word' id='word_1_286' title='bbox 894 4884 999 5014; x_wconf 87' lang='lat' dir='ltr'>bene</span> <span class='ocrx_word' id='word_1_287' title='bbox 1030 4887 1185 4996; x_wconf 83' lang='lat' dir='ltr'>conscii</span> <span class='ocrx_word' id='word_1_288' title='bbox 1215 4884 1353 4966; x_wconf 89' lang='lat' dir='ltr'>doceri</span> <span class='ocrx_word' id='word_1_289' title='bbox 1383 4914 1409 4966; x_wconf 92' lang='grc'>1</span> <span class='ocrx_word' id='word_1_290' title='bbox 1438 4857 1707 4981; x_wconf 90' lang='lat' dir='ltr'>revelatione,</span> <span class='ocrx_word' id='word_1_291' title='bbox 1748 4894 1789 4961; x_wconf 91' lang='grc'>11</span> 
     </span>
    </p>
   </div>
   <div class='ocr_carea' id='block_1_11' title="bbox 299 5049 493 5061">
    <p class='ocr_par' dir='ltr' id='par_1_13' title="bbox 299 5049 493 5061">
     <span class='ocr_line' id='line_1_36' title="bbox 299 5049 493 5061; baseline 0.01 -4"><span class='ocrx_word' id='word_1_292' title='bbox 299 5049 493 5061; x_wconf 68' lang='lat'>-----·—---</span> 
     </span>
    </p>
   </div>
   <div class='ocr_carea' id='block_1_12' title="bbox 330 5078 1645 5209">
    <p class='ocr_par' dir='ltr' id='par_1_14' title="bbox 330 5078 1645 5209">
     <span class='ocr_line' id='line_1_37' title="bbox 330 5078 1645 5209; baseline 0.002 -21"><span class='ocrx_word' id='word_1_293' title='bbox 330 5124 364 5209; x_wconf 78' lang='lat'>2)</span> <span class='ocrx_word' id='word_1_294' title='bbox 386 5124 488 5189; x_wconf 86' lang='lat' dir='ltr'>Alloe.</span> <span class='ocrx_word' id='word_1_295' title='bbox 512 5126 543 5188; x_wconf 80' lang='lat' dir='ltr'>S.</span> <span class='ocrx_word' id='word_1_296' title='bbox 567 5127 680 5191; x_wconf 87' lang='lat' dir='ltr'>D.Pii</span> <span class='ocrx_word' id='word_1_297' title='bbox 703 5128 766 5191; x_wconf 84' lang='lat' dir='ltr'>PP.</span> <span class='ocrx_word' id='word_1_298' title='bbox 788 5127 884 5191; x_wconf 90' lang='lat' dir='ltr'>lX.i</span> <span class='ocrx_word' id='word_1_299' title='bbox 874 5152 907 5194; x_wconf 91' lang='lat' dir='ltr'>m</span> <span class='ocrx_word' id='word_1_300' title='bbox 929 5128 1066 5195; x_wconf 83' lang='lat' dir='ltr'>Consist.</span> <span class='ocrx_word' id='word_1_301' title='bbox 1089 5138 1213 5195; x_wconf 85' lang='lat' dir='ltr'>secreto</span> <span class='ocrx_word' id='word_1_302' title='bbox 1236 5078 1288 5192; x_wconf 86' lang='lat' dir='ltr'>die</span> <span class='ocrx_word' id='word_1_303' title='bbox 1319 5131 1348 5191; x_wconf 85' lang='grc'>9.</span> <span class='ocrx_word' id='word_1_304' title='bbox 1377 5129 1531 5194; x_wconf 88' lang='grc'>1)111111).</span> <span class='ocrx_word' id='word_1_305' title='bbox 1555 5126 1645 5192; x_wconf 76' lang='grc'>1814.</span> 
     </span>
    </p>
   </div>
   <div class='ocr_carea' id='block_1_13' title="bbox 0 0 1984 5956">
    <p class='ocr_par' dir='ltr' id='par_1_15' title="bbox 0 0 1984 5956">
     <span class='ocr_line' id='line_1_38' title="bbox 0 0 1984 5956; baseline 0 1"><span class='ocrx_word' id='word_1_306' title='bbox 0 0 1984 5956; x_wconf 95' lang='lat' dir='ltr'> </span> 
     </span>
    </p>
   </div>
  </div>
 </body>
</html>
