3960 5956
1679 329 1721 392 69

342 523 460 625 Quae
489 537 619 633 quum
647 525 855 635 magistris
884 524 999 606 laicis
1029 520 1217 623 diximus,
1249 550 1297 604 eo
1327 525 1462 636 magis
1492 526 1604 610 dicta
1633 557 1722 614 esse

226 659 417 741 volumus
447 657 727 740 sacerdotibus
756 658 952 766 profanae
981 657 1174 740 scientiae
1204 658 1423 767 magistris.
1465 656 1723 770 Turpissima

226 792 389 875 macida
418 801 609 874 sanctum
639 788 794 874 Christi
829 788 1112 873 Sacerdotium
1150 788 1485 892 dehonestarent,
1526 797 1597 902 qui
1626 790 1732 880 huic

225 925 420 1034 adscripti
448 953 498 1006 eo
527 924 767 1006 temeritatis
796 924 1156 1034 progrederentur,
1196 933 1243 1004 ut
1279 925 1544 1008 christianam
1565 931 1720 1039 juven·

227 1059 327 1142 tutis
375 1057 601 1139 catholicae
652 1057 937 1139 educationem
987 1085 1072 1138 non
1116 1056 1251 1140 solum
1295 1085 1380 1139 non
1423 1075 1722 1168 promoverent,

228 1191 302 1276 sed
331 1191 528 1273 doctrinis
557 1202 630 1272 aut
659 1191 856 1300 exemplis
875 1190 1199 1300 pessumdarent,
1230 1192 1363 1291 etita,
1393 1219 1498 1300 quos
1517 1194 1724 1280 Dominus

229 1325 394 1408 vocavit
422 1352 507 1406 non
537 1325 714 1434 amplius
743 1352 883 1408 servos
912 1323 986 1407 sed
1015 1323 1170 1406 amicos
1207 1351 1324 1424 suos,
1366 1322 1510 1412 Crucis
1548 1329 1724 1415 inimicis

229 1459 490 1543 sociarentur.
966 1544 971 1552 ,
1660 1521 1663 1530 ·

179 1570 188 1591 ⁰
343 1591 462 1674 Haec
502 1590 553 1672 de
592 1590 776 1701 publicis
815 1590 1044 1701 gymnasiis
1083 1599 1125 1670 et
1167 1589 1334 1697 reliquis
1378 1591 1529 1676 scholis
1572 1594 1719 1679 mediis

227 1733 380 1807 statuta
409 1725 534 1807 etiam
563 1725 617 1805 ad
642 1723 818 1823 scholas,
850 1750 955 1831 quae
980 1724 1174 1832 privatim
1203 1722 1417 1824 habentur,
1448 1728 1719 1830 extendimus,

198 1936 205 1944 .
228 1884 312 1940 non
343 1859 523 1957 mutatis,
554 1858 632 1940 nisi
663 1885 769 1966 quae
798 1856 946 1938 harum
974 1856 1133 1941 indoles
1163 1858 1313 1937 mutari
1342 1860 1486 1965 poscit.

826 2189 1018 2276 CAPUT
1047 2182 1123 2273 IX.

559 2453 561 2458 ,
614 2397 685 2477 De
719 2395 965 2477 literarum
994 2395 1330 2480 Universitate.

223 2590 229 2604 ’
345 2606 584 2690 Juventutis
613 2635 827 2709 memores,
858 2609 974 2716 cujus
1004 2616 1138 2689 rectae
1161 2577 1439 2689 efformationi'
1454 2607 1588 2689 omnis
1617 2618 1725 2689 tem-

228 2742 339 2853 poris
378 2742 504 2824 futmi
544 2770 656 2856 spes.
676 2742 872 2841 innititur,
912 2739 1054 2822 Patres
1093 2740 1136 2820 in
1165 2740 1245 2821 hac
1284 2738 1455 2850 Synodo
1485 2740 1725 2849 congregati

228 2875 282 2958 ad
311 2876 465 2957 almam
494 2875 704 2971 literarum
723 2872 1054 2972 Universitatem,
1085 2876 1191 2981 quae
1211 2873 1254 2954 in
1273 2874 1353 2956 ista
1371 2873 1584 2983 provincia
1603 2873 1726 2956 unica

229 2987 377 3121 existit:
394 3018 436 3089 et
465 3007 581 3115 cujus
612 3002 892 3088 Cancellarius
921 3004 1184 3114 Metropolita
1214 3015 1286 3105 est,
1327 3006 1470 3088 oculos
1508 3033 1594 3087 non
1624 3033 1740 3109 cons

226 3150 381 3223 vertere
410 3168 496 3222 non
524 3148 710 3250 possunt.
768 3137 933 3239 Quanta
962 3137 1171 3220 Ecclesiae
1210 3139 1294 3220 sint
1332 3137 1383 3220 de
1413 3134 1726 3220 Universatibus

226 3273 381 3372 merita,
412 3282 567 3379 quanto
598 3269 733 3352 studio
764 3253 1021 3378 quantisque¹
1038 3267 1247 3352 favoribus
1277 3297 1346 3351 eas
1368 3298 1443 3352 ceu
1463 3299 1560 3380 prae
1581 3270 1725 3354 ceteris
1787 3248 1796 3266 ⁴

225 3404 303 3488 sibi
339 3404 509 3486 dilectas
548 3403 653 3485 filias
692 3402 787 3484 inde
827 3401 881 3484 ab
921 3431 1062 3483 earum
1098 3403 1255 3513 origine
1299 3414 1550 3511 prosequuta
1593 3402 1728 3504 fuerit,

224 3536 393 3621 historia
421 3537 649 3619 luculenter
676 3536 877 3644 loquitur3
922 3535 1135 3644 praesidio
1162 3536 1276 3616 *enim
1307 3529 1486 3618 maxime
1499 3536 1741 3643 Ecclesiae,

225 3681 440 3781 tamquam
470 3671 732 3752 scientiarum
761 3670 952 3778 speculae
982 3670 1025 3750 in
1050 3697 1213 3751 stnnmo
1234 3670 1481 3779 reipublicae
1501 3669 1726 3751 collocatae

225 3802 390 3919 inerunt
418 3801 596 3912 fastigio
659 3800 797 3902 Quum
823 3812 869 3890 ,et
896 3801 1020 3910 hujus
1049 3802 1163 3885 urbis
1192 3801 1447 3885 Universitas
1476 3830 1502 3882 a
1540 3801 1726 3910 piissimo
1871 3808 1874 3815 '

227 3931 377 4018 Oarolo
417 3934 670 4043 Imperatore
708 3933 780 4016 IV.
822 3945 976 4036 erecta,
1014 3964 1040 4016 a
1085 3932 1299 4018 Clemente
1327 3932 1444 4047 Papa
1472 3934 1544 4017 Vl.
1575 3933 1726 4018 confir·
1888 4055 1892 4063 Ι

224 4077 337 4150 mata
365 4067 420 4149 ad
448 4067 672 4149 catholicos
698 4066 801 4150 fines
830 4068 1017 4150 instituta
1051 4069 1104 4150 sit
1137 4079 1178 4150 et
1211 4096 1341 4176 usque
1360 4067 1484 4173 hodie
1513 4066 1725 4150 catholicis

224 4199 345 4284 bonis
365 4210 634 4284 sustentetur:
661 4201 720 4282 nil
740 4201 1023 4285 vehementius
1043 4211 1298 4311 exoptamus,
1319 4230 1446 4311 quam
1465 4211 1512 4283 ut
1530 4199 1623 4281 Deo
1643 4199 1725 4281 lar·
1764 4246 1772 4257 ,

225 4333 364 4445 giente
394 4333 679 4442 antiquissima
707 4333 810 4414 haec
840 4347 881 4414 et
911 4334 1174 4416 celeberrima
1202 4363 1276 4444 per
1295 4331 1562 4417 Germaniam
1591 4333 1724 4415 scien-

225 4466 374 4550 tiarum
399 4467 603 4577 palaestra
632 4467 787 4550 avitam
816 4496 935 4551 suam
965 4478 1180 4550 conservet
1214 4466 1369 4551 famam
1399 4476 1440 4549 et
1468 4467 1654 4577 gloriam,
1685 4474 1727 4545 et

225 4599 479 4683 incrementa
518 4603 560 4682 in
590 4587 683 4684 dies¹
705 4601 876 4683 laetiora
905 4603 1051 4711 capiat,
1092 4610 1216 4711 atque
1252 4603 1413 4711 insigne
1442 4600 1559 4711 regni
1589 4597 1727 4680 Bohe-

226 4732 334 4816 miae
364 4733 490 4816 decus
519 4762 681 4843 semper
711 4734 908 4844 appellari
932 4746 1154 4846 mereatur,
1204 4732 1328 4834 Quod
1356 4742 1403 4814 u't
1431 4732 1564 4815 fauste
1594 4741 1635 4813 et
1663 4729 1725 4812 fe-

226 4865 356 4948 liciter
375 4865 547 4966 eveniat,
574 4894 787 4976 speramus
808 4878 849 4948 et
867 4896 985 4978 spem
1005 4880 1190 4951 nostram
1212 4868 1352 4976 palam
1372 4865 1621 4976 profitemur,
1641 4862 1728 4944 fore

226 5005 273 5077 ut
294 4997 590 5080 catholicorum
610 4998 892 5096 Professorum
914 5001 1071 5110 junctis
1096 4998 1312 5083 conatibus
1335 5000 1614 5113 characterem
1632 4995 1728 5079 fun-

227 5128 394 5213 datione
433 5156 672 5241 expressum
701 5132 890 5245 religiose
929 5143 1063 5216 servet
1093 5143 1134 5215 et
1163 5131 1414 5242 comprobet.
1481 5129 1725 5214 Aretissimo
