3960 5956
311 321 332 385 2

308 523 478 632 abrepti,
512 522 612 603 dum
642 522 783 604 Patres
813 524 972 630 antiqui
1002 524 1112 605 hanc
1142 512 1291 604 miram
1320 520 1400 605 Dei
1421 523 1740 632 dispositionem
1762 515 1811 606 *et

307 654 561 762 praeclaram
601 654 862 754 sacerdotum
901 667 1053 737 sortem
1084 656 1410 738 considerarent:
1448 668 1654 738 sacratum
1684 657 1804 739 Pres-
1920 644 1924 650 ’

306 786 454 894 byterii
486 785 684 869 Ordinem
705 815 924 867 ¹summum
954 787 1034 868 Dei
1065 799 1117 870 et.
1143 787 1321 897 ,Spiritus
1351 789 1481 869 sancti
1521 818 1682 889 munus,
1722 792 1803 871 mi-

305 918 491 999 raculum
532 919 794 1026 stupendum,
813 930 1160 1001 'ornamentorum
1188 920 1439 1021 maximum,
1479 931 1521 1003 et
1560 922 1804 1030 optabilium

304 1052 348 1130 in
387 1052 504 1132 terris
546 1051 691 1132 veluti
715 1051 875 1157 apicem
912 1061 954 1131 et
987 1063 1142 1133 metam
1180 1064 1406 1134 extremam
1442 1053 1628 1154 laudare,
1679 1065 1803 1162 atque

56 1264 60 1272 ,
171 1268 173 1272 ,
225 1268 228 1272 ,
275 1182 550 1293 dignitatem
590 1181 817 1264 Sacerdotii
864 1185 1111 1266 immensam
1149 1214 1199 1266 ac
1249 1184 1474 1296 infinitam,
1514 1185 1804 1269 admirabilem

305 1324 346 1396 et
376 1342 542 1422 prorsus
572 1311 757 1394 divinam
787 1315 1023 1422 praedicare
1052 1317 1223 1398 minime
1254 1318 1372 1398 veriti
1402 1326 1508 1397 sunt.
1525 1313 1559 1396 3)
1602 1305 1607 1329 '

429 1510 446 1548 „
454 1445 749 1546 Sacerdotium,
771 1477 861 1564 ore
909 1449 1088 1531 facundo
1119 1451 1330 1559 inquiunt,
1371 1460 1534 1531 scutum
1570 1460 1632 1531 est
1669 1449 1795 1531 reful-

305 1608 408 1691 gens
463 1589 504 1659 et
556 1580 900 1687 incomparabile,
955 1583 1077 1664 truris
1111 1583 1266 1694 firma,
1325 1610 1467 1663 murus
1529 1580 1802 1681 indivisibilis,

303 1711 619 1793 fundamentum
659 1712 838 1793 solidum
878 1743 903 1794 a
942 1725 1050 1797 terra
1089 1715 1144 1797 ad
1178 1743 1299 1796 axem
1334 1741 1464 1822 usque
1505 1713 1612 1794 coeli
1646 1714 1809 1821 pertin-¹

303 1853 444 1954 gens.“
466 1894 521 1903 —
542 1842 699 1950 „Super
729 1845 869 1925 omnia
898 1848 1075 1929 celebria
1082 1849 1220 1956 jactae
1251 1855 1347 1927 sunt
1366 1845 1531 1926 divinae
1551 1847 1595 1925 in
1614 1844 1802 1927 Ecclesia

301 1987 431 2057 sortes
471 1976 742 2076 sacerdotium
783 1978 854 2084 qui
894 1991 1041 2087 typum
1081 1979 1253 2061 Domini
1293 1979 1335 2057 in
1366 1976 1553 2085 pluribus
1589 1975 1830 2073 habentes,⁸

303 2107 457 2192 Christi
477 2109 681 2216 possessio
703 2118 808 2209 sunt,
839 2110 1104 2221 primogeniti
1120 2111 1339 2208 Ecclesiae,
1362 2110 1405 2189 in
1435 2109 1585 2218 quibus
1615 2108 1692 2191 flos
1712 2111 1800 2218 ejus

301 2243 457 2352 gratior
489 2251 537 2321 et
576 2251 688 2322 aetas
727 2242 965 2349 perfectior;
1004 2244 1295 2350 mysterionmr
1331 2241 1548 2322 latentium
1577 2241 1799 2348 praesules,

302 2375 373 2482 qui
404 2371 600 2454 invisibili
630 2373 810 2479 quadam
841 2375 882 2454 vi
913 2376 1096 2457 animam
1125 2376 1168 2455 in
1197 2376 1345 2457 melius
1365 2373 1704 2456 transformatam
1725 2403 1800 2483 ge·

301 2517 406 2607 runt,
438 2507 509 2614 qui
538 2533 564 2585 a
594 2504 865 2587 Dominatore
894 2509 1108 2588 universae
1138 2517 1267 2589 terrae
1298 2503 1542 2614 receperunt
1561 2533 1799 2614 supremum

302 2640 552 2737 dominium,
593 2647 634 2718 et
663 2666 689 2719 a
718 2637 863 2719 diebus
893 2640 1045 2720 saeculi
1075 2668 1160 2720 non
1179 2638 1324 2720 solum
1355 2620 1607 2737 hominibus,
1637 2638 1735 2720 imo,
1760 2648 1810 2719 et

233 2830 235 2835 -
303 2771 515 2881 Angelicis
536 2768 745 2877 spiritibus
760 2771 882 2877 plane
899 2768 1208 2852 inaudium1.“4)
1230 2771 1315 2851 llos
1335 2770 1518 2878 profecto
1540 2820 1596 2866 .-
1629 2780 1802 2870 „unctos

154 2894 160 2898 ’
301 2908 347 2987 in
378 2902 663 2985 Sacerdotium
694 2912 841 2984 unetos
861 2904 904 2984 in
924 2932 1109 3013 regnum,
1140 2905 1241 3011 ipsis
1262 2902 1428 3012 regibus
1448 2901 1645 3011 praetulit
1656 2900 1798 2998 -Deus3

301 3047 484 3147 potestas
514 3035 624 3115 enim
646 3034 936 3117 'sacerdotibus
966 3036 1121 3117 credita
1149 3064 1235 3116 non
1265 3063 1449 3144 corpora,
1480 3047 1527 3116 ut
1560 3034 1631 3116 illa
1669 3043 1797 3116 terre-

301 3197 450 3252 norum
465 3167 710 3276 principum,
742 3165 814 3246 sed
829 3168 1011 3249 animam
1027 3168 1205 3277 attingit.
1222 3166 1403 3267 —'H0s,
1435 3195 1540 3276 quos
1562 3166 1641 3247 Dei
1659 3166 1796 3248 omni-

301 3302 480 3412 potentis
496 3298 682 3408 Angelos
702 3287 983 3407 appellamus,
1010 3301 1110 3409 ipsis
1125 3299 1318 3408 praetulit
1337 3298 1527 3409 Angelis,
1559 3299 1797 3381 sicutenim

301 3464 387 3517 non
403 3433 599 3543 Angelos,
631 3430 703 3513 sed
719 3459 859 3512 semen
876 3431 1069 3515 Abrahae
1089 3432 1361 3542 apprehendit
1375 3431 1430 3513 ad
1455 3430 1686 3513 faciendam
1702 3429 1797 3547 red·

303 3569 548 3651 emtionem:
570 3566 629 3647 sic
645 3593 730 3646 non
747 3563 931 3674 Angelis,
953 3566 1026 3647 sed
1041 3564 1290 3665 hominibus,
1312 3564 1496 3672 solisque
1515 3563 1798 3647 sacerdotibus

304 3699 516 3783 Dominici
539 3695 735 3806 Corporis
751 3707 792 3778 et
814 3696 1037 3807 Sanguinis
1056 3698 1264 3778 commisit
1283 3698 1675 3779 consecrationem.“
1694 3693 1728 3774 5)

304 3886 499 3898 ’.ι-ιιι.-

207 4024 210 4031 ,
286 4007 288 4011 -
347 3963 373 4044 ³)
396 3960 531 4025 Confer:
553 3960 586 4023 S.
609 3959 758 4023 Ambros.
782 3958 822 4021 'de
845 3960 928 4044 Spir.
951 3967 975 4022 s.
997 3956 1044 4020 lib
1068 3961 1094 4021 1.
1118 3981 1187 4044 cap.
1210 3959 1240 4021 8.
1262 3980 1348 4023 num.
1371 3959 1422 4021 90.
1444 3967 1478 4021 et
1499 3957 1539 4021 de
1558 3957 1665 4022 Ponit.
1687 3954 1743 4020 lib.
1767 3957 1794 4020 1.

401 4089 472 4153 cap.
497 4068 524 4131 1.
546 4087 632 4130 num.
655 4065 674 4127 8
696 4101 737 4111 —
759 4065 791 4127 S.
821 4064 993 4148 Ephracm.
1023 4065 1063 4128 de
1093 4065 1287 4131 Sacerdotis.
1310 4104 1349 4111 —
1371 4064 1539 4151 Theophil.
1562 4064 1738 4129 Comment.
1760 4065 1795 4128 in
1851 4082 1855 4091 ·

402 4175 527 4259 Evaug.
550 4168 579 4237 s.
597 4171 732 4240 Joannis
754 4194 823 4257 cap.
847 4171 923 4234 XX.
945 4210 985 4218 —
1008 4172 1041 4235 S.
1064 4158 1199 4256 Gregor.
1221 4172 1265 4236 M.
1288 4173 1390 4259 llpist.
1412 4171 1468 4236 lib.
1491 4173 1521 4236 5.
1544 4175 1637 4257 epist.
1659 4173 1710 4237 40.

344 4282 372 4366 ⁴)
395 4282 427 4347 S.
455 4280 627 4367 Ephraem.
656 4278 716 4343 loc.
745 4282 798 4343 cit.
827 4278 867 4324 '-
892 4276 1062 4361 Theophil.
1091 4279 1268 4343 Commeat.
1298 4282 1329 4343 in
1357 4278 1471 4343 Naum.
1501 4301 1572 4364 cap.
1600 4279 1630 4342 3.
1660 4316 1702 4326 —
1723 4277 1792 4343 Pet.

399 4388 495 4454 Bles..
518 4387 619 4452 Scrm.
648 4385 700 4449 38.
722 4389 754 4449 in
776 4384 916 4469 Synodo.
939 4423 979 4432 -
1001 4385 1033 4448 S.
1055 4383 1203 4449 Ambros.
1227 4384 1361 4449 Exhort.
1383 4386 1533 4469 Virginit.
1555 4409 1625 4471 cap.
1648 4388 1678 4450 6.
1707 4407 1794 4452 num.

397 4496 448 4561 41.
478 4534 518 4543 -
547 4497 641 4579 epist.
669 4492 712 4556 ad
746 4492 829 4556 lren.
864 4513 950 4556 uum.
978 4492 1007 4554 3.
1030 4529 1070 4538 -
1099 4490 1218 4579 consol.
1242 4491 1281 4554 de
1304 4493 1394 4556 obitu
1416 4493 1632 4558 Valentinian.
1654 4514 1741 4557 num.
1765 4493 1793 4558 7.

399 4643 439 4652 —
460 4605 493 4668 S.
523 4604 620 4686 Greg.
648 4601 745 4684 Nyss.
775 4603 808 4663 in
837 4600 990 4685 Baptism.
1021 4600 1080 4662 Ch.
1109 4638 1149 4645 —
1179 4601 1211 4664 S.
1233 4600 1409 4664 Bonavcnt.
1433 4601 1472 4664 de
1495 4600 1610 4665 eccles.
1633 4601 1791 4666 hierarch.

299 4780 305 4790 ,
399 4723 479 4800 part.
501 4715 530 4776 2
553 4701 623 4795 cap.
649 4714 675 4774 1.

348 4823 373 4908 ⁵)
395 4822 427 4886 S.
450 4819 600 4885 Ambros.
623 4819 664 4883 de
686 4821 827 4882 Sacram.
849 4816 905 4881 lib.
927 4818 957 4881 4.
979 4839 1049 4903 cap.
1074 4820 1100 4880 1.
1124 4817 1208 4880 -S.
1231 4816 1450 4901 Chrysostom.
1473 4815 1513 4880 dc
1529 4816 1716 4882 Sacerdotio
1737 4815 1793 4882 lib.
1915 4887 1920 4896 ,

402 4929 432 4992 3.
462 4951 531 5013 cap.
561 4929 651 4990 4-6.
682 4928 714 4990 S.
741 4925 857 4991 Joann.
887 4925 1036 4989 Damaso.
1069 4924 1250 4989 l’arallelor.
1279 4923 1333 4987 lib.
1364 4926 1392 4988 2.
1422 4947 1492 5009 cap.
1522 4925 1572 4989 25.
1593 4961 1634 4971 -
1656 4924 1794 5016 Dionys·

401 5037 519 5121 Arcop.
547 5039 639 5120 epist.
669 5038 699 5098 8.
729 5035 770 5098 ad
800 5035 958 5118 Demoph.
988 5033 1137 5098 lllonach.
1160 5042 1193 5096 et
1219 5031 1259 5095 de
1290 5032 1446 5096 hierarch.
1469 5032 1585 5096 eccles.
1607 5055 1678 5120 cap.
1701 5036 1730 5099 7.
1751 5072 1793 5084 —
1891 5025 1898 5038 ’

331 5154 334 5161 ’
402 5143 470 5209 Pet.
493 5143 580 5208 Bles.
601 5165 695 5206 serm.
718 5143 767 5205 46.
791 5144 824 5206 in
840 5138 960 5227 Synod.
979 5178 1018 5187 —
1034 5142 1067 5204 S.
1091 5138 1246 5203 Bemardi
1262 5161 1356 5202 serm.
1378 5148 1460 5225 past.
1476 5141 1509 5203 in
1523 5139 1646 5227 Synod.
1660 5165 1747 5209 num.
1764 5145 1792 5208 1.
