3960 5956
1627 347 1684 412 101

198 555 240 626 et
256 571 540 652 quaecumque
555 545 760 654 ignorant,
775 544 1163 655 blasphemantesll,
1180 547 1491 631 saluberrimam
1503 551 1522 658 j
1527 550 1561 658 ej
1567 551 1686 632 unio-

198 706 290 760 rum
321 676 583 784 disciplinam
611 677 790 761 ludibrio
821 678 973 762 habere
1003 709 1087 762 non
1116 692 1319 763 verentur.

313 807 378 890 Ne
407 811 546 917 itaque
576 809 725 891 horum
746 812 1086 911 cavillationibus
1120 813 1277 895 seducti
1306 825 1519 924 tepescant
1546 814 1689 899 fideles

197 943 338 1040 nostri,
368 953 416 1023 ut
435 944 574 1050 potius
594 944 848 1051 impietatem
868 947 1020 1054 pietate
1040 933 1305 1030 resarcientes
1329 958 1370 1030 et
1388 947 1688 1044 ferventissimo

198 1075 335 1158 studio
366 1087 505 1158 sacros
527 1078 675 1184 jejunii
705 1078 792 1160 dies
822 1078 1014 1179 colentes,
1053 1079 1301 1162 catholicam
1337 1079 1463 1162 fidem
1499 1090 1689 1163 suamet

201 1208 479 1304 obedientiam
509 1208 718 1292 Ecclesiae
749 1209 931 1311 debitam
960 1213 1100 1320 palam
1138 1213 1311 1295 faciant:
1353 1215 1583 1295 animarum
1613 1240 1689 1321 pa-

108 1396 111 1401 ·
199 1352 329 1424 stores
359 1342 561 1451 populum
592 1342 671 1424 sibi
701 1346 968 1427 commissum
998 1345 1141 1427 sedulo
1172 1346 1423 1445 edocebunt,
1464 1357 1553 1426 tum
1584 1374 1690 1453 quae

131 1506 136 1519 ·
198 1478 252 1561 sit
273 1477 421 1585 jejunii
451 1478 690 1584 praesertim
720 1477 983 1559 ecclesiastici
1012 1479 1224 1589 obligatio,
1255 1491 1345 1561 tum
1367 1479 1518 1586 quibus
1545 1478 1690 1560 diebus

202 1620 243 1690 et
272 1608 408 1693 modis
438 1609 475 1689 ei
505 1608 741 1726 satisfacere
767 1620 966 1717 oporteat.
1009 1611 1216 1719 imprimis
1245 1612 1324 1693 hac
1354 1613 1444 1720 ipsa
1474 1612 1690 1693 occasione

204 1770 327 1851 saepe
361 1730 529 1851 'saepius
569 1753 779 1851 exponant
822 1744 1036 1851 antiquam
1081 1753 1123 1825 et
1165 1744 1438 1825 universalem
1482 1742 1691 1824 Ecclesiae
1737 1761 1743 1773 '

200 1875 473 1985 disciplinam,
505 1903 587 1983 qua
616 1874 761 1959 diebus
783 1877 932 1984 jejunii
961 1877 1191 1985 parcissimi
1219 1877 1316 1981 cibi,
1354 1887 1398 1958 et
1435 1886 1599 1958 tantum
1637 1874 1692 1956 ad

200 2035 427 2116 vesperam,
449 2030 611 2091 ·carnes
650 2037 747 2090 vero
788 2038 1017 2117 numquam
1056 2009 1344 2110 sumebantur,
1380 1995 1692 2117 monstrantque

143 2161 147 2167 ·
196 2142 410 2249 praecepti
447 2141 714 2250 gravitatem,
758 2170 863 2250 quae
892 2142 959 2223 vel
988 2143 1082 2224 ideo
1112 2170 1224 2223 nunc
1253 2143 1387 2252 magis
1417 2153 1554 2254 urget,
1595 2142 1693 2249 quia

201 2272 387 2354 Ecclesia
417 2272 471 2354 ob
502 2283 736 2381 temporum
765 2275 1064 2387 hominumque
1093 2274 1417 2358 imbecillitatem
1442 2277 1620 2385 plurima
1640 2275 1693 2356 de

200 2407 335 2516 rigore
374 2406 548 2514 pristino
588 2407 819 2506 remittens,
859 2408 1109 2517 paucissima
1153 2407 1363 2515 postulare
1402 2407 1542 2530 solet3
1578 2407 1693 2489 Dum

200 2539 368 2647 insuper
407 2539 660 2647 objectiones
700 2540 948 2640 convellunt,
990 2529 1097 2650 quae
1137 2551 1280 2622 contra
1319 2540 1539 2623 salutarem
1569 2541 1693 2621 istam
1807 2604 1808 2608 κ

202 2672 337 2783 legem
366 2673 536 2782 proferri
567 2674 716 2754 solent:
748 2686 945 2757 moneant
973 2672 1126 2774 fideles,
1157 2683 1203 2754 ut
1233 2703 1328 2755 cum
1358 2673 1545 2755 ciborum
1564 2672 1692 2754 absti-

202 2807 342 2888 nentia
371 2807 567 2888 orationis
598 2817 639 2888 et
667 2807 1022 2917 eleemosynarum
1052 2808 1245 2890 meritum
1266 2809 1455 2916 jungere,
1501 2816 1541 2886 et
1570 2815 1707 2912 prout¹
1747 2796 1750 2804 ’

47 3026 54 3034 ,
203 2938 257 3020 ab
287 2939 390 3020 escis
420 2938 663 3039 camalibus,
694 2941 752 3020 ita
782 2968 946 3048 quoque
967 2940 1021 3022 ab
1043 2939 1156 3020 omni
1176 2938 1299 3046 culpa
1312 2941 1500 3047 jejunare
1521 2937 1692 3019 discant.

319 3068 633 3154 Occurrentium
672 3100 745 3181 per
780 3101 936 3153 annum
959 3073 1213 3180 jejuniorum
1243 3099 1412 3153 causam
1441 3081 1482 3152 et
1510 3069 1694 3168 modum,

204 3233 287 3286 una
316 3232 411 3286 oum
442 3206 686 3314 opportunis
716 3205 1023 3287 remissionibus
1058 3204 1263 3312 peculiare
1293 3204 1490 3313 Episcopi
1520 3203 1694 3284 manda-

203 3347 292 3418 tum
312 3337 531 3439 exhibebit,
552 3338 669 3420 initio
690 3338 789 3419 anni
808 3337 997 3448 fidelibus
1023 3336 1385 3446 promulgandum,
1417 3337 1534 3444 cujus
1554 3346 1695 3416 tamen

204 3469 449 3578 exemplum,
480 3499 532 3551 ne
563 3471 655 3578 quis
685 3470 891 3583 defectum
921 3469 1113 3551 scientiae
1144 3496 1219 3549 ceu
1240 3496 1408 3550 causam
1428 3477 1695 3550 excusantem

205 3601 470 3712 praetendere
500 3604 642 3712 possit,
673 3605 716 3684 in
745 3604 904 3685 cunctis
934 3602 1007 3710 per'
1036 3601 1256 3683 dioecesim
1287 3601 1468 3682 ecclesiis
1496 3600 1591 3681 loco
1621 3599 1695 3680 de·

204 3735 313 3816 canti
341 3745 384 3817 et
413 3737 636 3843 conspicuo
667 3735 837 3817 affixum
868 3736 1064 3817 continuo
1094 3744 1246 3841 pateat.
1287 3731 1566 3814 Nihilominus
1595 3759 1694 3813 vero

205 3867 369 3977 singula
397 3895 564 3977 quoque
593 3898 667 3977 per
694 3867 976 3950 hebdomades
1006 3868 1261 3949 occurrentia
1283 3867 1444 3976 jejunia
1473 3864 1696 3947 Dominica

203 4001 391 4107 proxime
419 4001 690 4109 praecedente
718 4000 876 4110 populo
906 4000 1209 4081 annuntientur.

320 4131 472 4235 ¹Quum,
504 4163 610 4242 quae
639 4136 797 4217 ratione
821 4135 968 4242 jejunii
1008 4143 1049 4214 et
1078 4133 1349 4215 abstinentiae
1389 4130 1579 4213 fidelibus
1619 4155 1696 4209 no-

206 4266 300 4348 stris
339 4268 665 4376 praecipiuntur,
708 4269 776 4349 vix
815 4268 881 4348 eui
898 4376 901 4381 .
921 4277 1083 4348 austera
1117 4266 1246 4348 videri
1274 4265 1456 4374 possint:
1502 4287 1697 4372 rogamus

203 4399 387 4481 medicos
431 4400 485 4482 ad
525 4430 667 4482 eorum
706 4401 901 4509 pietatem
945 4410 1236 4508 provocantes,
1277 4410 1323 4480 ut
1361 4399 1405 4479 in
1450 4392 1697 4478 declaranda

206 4532 522 4642 dispensationis
551 4535 793 4616 necessitate
824 4561 912 4616 sese
931 4560 1016 4614 non
1045 4532 1270 4640 praebeant
1288 4531 1383 4640 plus
1396 4533 1511 4638 justo
1531 4537 1697 4636 paratos

205 4676 248 4747 et
275 4665 426 4748 faciles.
1696 4652 1698 4656 ⁴

215 4844 217 4848 ·
322 4798 735 4898 Tabemariosvem,
766 4799 1029 4907 adquorum
1057 4825 1221 4880 mensas
1258 4795 1559 4879 diversissimae
1595 4820 1697 4874 con-

206 4930 373 5014 ditionis
403 4933 591 5014 homines
622 4931 847 5033 confluunt,
879 4932 1110 5040 quibusque
1139 4940 1358 5039 propterca
1388 4954 1530 5010 carnes
1552 4953 1697 5034 parare

208 5109 403 5121 *-

258 5174 279 5258 ¹)
300 5174 452 5261 Epist-s.
474 5176 551 5242 Jud.
574 5177 688 5266 Apost.
711 5198 795 5243 vars.
821 5177 869 5242 10.
910 5247 914 5253 ,
