3960 5956
290 271 331 337 48

373 473 482 575 Quia
496 469 755 558 Judaeomm
776 504 880 587 gens
900 441 990 561 toto
1011 477 1126 560 caelo
1147 477 1201 560 ab
1221 476 1380 560 honore
1395 476 1500 560 Jesu
1515 473 1669 560 Oluisti
1685 476 1781 559 Filii

286 606 366 689 Dei
394 607 529 690 aliena
559 618 622 691 est
651 637 701 689 ac
720 609 930 693 salutifera
951 610 1083 694 Oruce
1104 611 1416 709 scandalizatur,
1444 609 1634 692 Ecclesia
1663 637 1779 692 com.
1808 686 1813 694 Ι

123 775 126 783 ·
283 740 526 821 munionem
556 753 651 823 eum
691 743 749 826 eis
780 742 960 825 declinat
998 754 1041 826 'et
1070 754 1199 825 cavet.
1260 739 1430 823 Nullam
1464 742 1612 823 exinde
1641 743 1780 824 inimi-

209 887 212 893 '
284 873 444 972 citiam,
475 872 685 955 nullamve
705 875 930 960 laesionem
952 877 1139 983 justitiae
1169 887 1211 957 et
1241 875 1450 957 charitatis
1480 903 1581 985 erga
1609 875 1779 959 eosdem

283 1003 414 1088 foveri
449 1006 516 1087 vel
545 1007 734 1107 concedi,
773 1008 964 1091 fidelibus
994 1008 1182 1090 doctrina
1212 1004 1366 1090 Christi
1395 1005 1565 1089 imbutis
1594 1006 1780 1114 alioquin

273 1139 545 1252 ,notissimum
575 1149 648 1220 cst.
708 1136 816 1222 Cum
846 1152 986 1223 autem
1016 1142 1256 1222 continuata
1285 1141 1502 1221 hominum
1531 1140 1780 1221 commercia

282 1272 444 1354 animos
481 1281 523 1352 et
561 1272 688 1353 corda
730 1271 849 1355 facile
894 1283 1082 1355 nectant·
1142 1273 1329 1355 Ecclesia
1357 1273 1500 1422 utique
1529 1271 1600 1353 illa
1627 1285 1779 1379 opera,

283 1432 389 1513 quae
429 1404 697 1515 quotidiana
714 1415 755 1486 et
793 1416 1031 1527 transeunte
1070 1404 1310 1515 mercede
1298 1434 1342 1486 m
1379 1405 1491 1514 agris
1535 1403 1602 1485 vel
1648 1402 1791 1513 fabri-

282 1538 341 1621 cis
380 1520 638 1627 ludaeorum
664 1536 825 1644 fiunt,
849 1538 1206 1620 mdrscnmmatrm
1222 1512 1504 1657 qiddemw
1453 1564 1539 1648 non
1507 1506 1777 1667 prohibere

277 1668 421 1773 16Ῑὲ1;
444 1649 510 1752 ast
536 1670 743 1777 sapienter
778 1642 916 1770 cavet,
957 1656 1025 1752 ne
1037 1654 1205 1779 passim
1254 1643 1488 1752 Christiani
1526 1646 1779 1749 famulentur

270 1801 473 1902 dudaeis,
520 1812 592 1883 aut
631 1805 774 1883 eorum
819 1802 1135 1885 contubernales
1174 1804 1276 1902 sint,
1319 1825 1547 1908 eorumque
1585 1799 1776 1910 regimini

281 1934 455 2045 subjecti
494 1935 722 2043 periculum
758 1937 922 2045 animae
965 1937 1196 2034 incurrant,
1236 1963 1340 2017 neve
1382 1933 1628 2016 eluistianae
1649 1949 1775 2040 -pro-'

159 2056 197 2100 ⁸·
279 2067 467 2150 fessionis
516 2069 732 2150 mulieres
763 2069 918 2150 lactent
971 2068 1229 2151 ‹Iudaeormn
1283 2066 1471 2148 infantes.
1535 2065 1776 2183 Doceantur

278 2201 417 2308 itaque
456 2198 599 2281 fideles
638 2228 664 2279 a
693 2199 948 2308 pastoribus,
989 2200 1138 2308 quibus
1178 2228 1228 2282 ex
1268 2201 1403 2283 causis
1442 2198 1542 2279 talia
1570 2206 1772 2294 vetentur,

242 2414 245 2423 ,
278 2331 351 2413 scd
391 2341 432 2412 et
471 2329 620 2440 quibus
659 2332 702 2412 in
742 2332 905 2415 casibus
943 2332 1193 2442 quandoque
1233 2333 1393 2415 secluso
1433 2342 1574 2428 tamen
1611 2357 1776 2438 semper

278 2464 496 2570 scandalo.
523 2475 566 2546 et
608 2466 799 2572 propriae
844 2467 1118 2574 perversionis
1162 2464 1344 2573 periculo
1389 2463 1555 2546 tolerari
1599 2463 1772 2570 possint.

279 2593 438 2695 Quodsi
458 2597 569 2676 enim
589 2583 712 2703 prout
736 2624 1052 2705 nonnumquam
1081 2599 1208 2680 tristis
1235 2596 1487 2704 experientia
1515 2595 1603 2694 fert,
1631 2593 1776 2676 fideles

276 2756 351 2837 per
365 2728 551 2811 ‹ludaeos
582 2728 724 2810 odium
745 2729 991 2842 eluistianae
1020 2731 1230 2839 religionis
1259 2730 1326 2810 vel
1347 2729 1555 2811 Ecclesiae
1582 2736 1771 2809 contem·
1898 2762 1902 2768 ’

276 2871 365 2942 tum
395 2862 679 2969 experiuntur,
717 2861 784 2942 vcl
814 2861 910 2943 fidei
939 2889 1161 2944 morumve.
1186 2863 1494 3013 perversionem
1522 2861 1666 2942 timere
1697 2859 1772 2940 dee

276 2991 395 3074 bent:
427 3003 527 3073 tunc
556 2973 669 3073 nullo
690 2993 829 3091 modu,
851 3022 984 3102 neque
1015 2995 1143 3102 ipsius
1163 2995 1272 3075 vitae
1292 2995 1556 3092 necessitate,
1588 2991 1775 3074 excusari

246 3198 249 3203 ,
276 3136 414 3237 potest
434 3127 653 3207 continuus
674 3125 786 3234 apud
816 3155 888 3208 eos
913 3126 1157 3226 famulatus,
1189 3126 1262 3208 sed
1293 3128 1464 3208 omnino
1478 3122 1774 3232 relinquendus

204 3369 207 3373 Ι
275 3241 435 3368 efflat
463 3270 623 3339 remoto
654 3261 836 3367 periculo
863 3261 1084 3368 peccandi,
1115 3262 1255 3341 anima
1284 3258 1401 3342 salva
1430 3260 1483 3341 sit
1511 3259 1555 3338 in
1585 3254 1651 3338 die
1681 3255 1773 3338 Do·

275 3391 387 3472 mini
420 3387 605 3489 Quod
573 3419 608 3473 11
638 3420 762 3499 porro
793 3422 819 3473 a
838 3393 1011 3477 ludaeis
1032 3422 1164 3502 prem1
1194 3403 1235 3474 e
1218 3392 1373 3474 tlaedi
1403 3420 1446 3475 se
1468 3390 1542 3471 filii
1561 3388 1773 3473 Ecclesiae

275 3532 520 3631 queruntur,
565 3525 756 3607 noverint
799 3526 961 3635 utique,
1007 3537 1152 3607 contra
1162 3525 1393 3676 justitiam
1438 3532 1624 3605 tutamen
1667 3520 1773 3672 legis
1889 3530 1901 3549 ‘

276 3657 585 3766 quaerendum
601 3681 712 3756 esse,
763 3668 804 3739 et
848 3647 1020 3767 patienti
1065 3688 1151 3740 non
1196 3659 1333 3775 minus
1379 3683 1504 3764 quam
1550 3653 1647 3737 forti
1680 3653 1772 3734 ani-

273 3818 361 3888 mo,
391 3790 590 3872 suadente
620 3791 819 3873 Benedict
802 3802 845 3873 to
876 3791 991 3873 XIV.
1023 3803 1191 3873 auctum
1221 3801 1262 3871 et
1291 3790 1560 3897 conjunctum
1588 3783 1771 3869 studium

158 3985 161 3990 .
272 3918 574 4021 adhibendum,
620 3951 672 4003 ne
712 3923 853 4005 fideles
897 3923 1156 4006 ‹ludaeorum
1196 3920 1344 4031 opibus
1383 3920 1626 4027 auxiliisque
1661 3917 1770 3998 indi-

272 4063 409 4163 geant.
429 4051 461 4133 1)
532 4051 726 4137 Ceterum
768 4055 974 4156 Ecclesia,
1020 4067 1083 4137 tot
1112 4054 1426 4153 beneficiorum,
1468 4049 1618 4162 quibus
1655 4048 1771 4131 Deus

271 4185 479 4294 populum
503 4186 631 4268 lsrael
652 4186 760 4284 olim
792 4187 987 4288 distinxit,
1018 4210 1247 4296 numquam
1277 4189 1515 4285 immemor,
1546 4209 1663 4266 orare
1692 4209 1769 4291 pro

271 4314 446 4400 «ludaeis
491 4321 725 4419 consuevit,
766 4331 812 4400 ut
850 4319 990 4401 ablato
1030 4311 1235 4400 velamine
1274 4348 1300 4399 a
1330 4316 1523 4401 cordibus
1554 4308 1698 4397 eorum
1728 4324 1771 4396 et

270 4446 350 4559 ipsi
379 4453 523 4560 agnita
556 4454 740 4536 veritatis
775 4454 887 4572 luce,
918 4481 1024 4563 quae
1061 4450 1250 4535 Clnistus
1279 4460 1362 4545 est,
1406 4478 1433 4532 a
1468 4450 1552 4532 suis
1587 4446 1768 4559 tenebris

270 4595 476 4664 eruantn.

319 5073 340 5160 Ι)
363 5073 498 5160 Encycl.
522 5073 585 5138 dat.
610 5075 658 5137 14.
680 5073 756 5138 Jun.
781 5074 859 5137 1751
888 5073 939 5155 „A
962 5096 1025 5159 quo
1047 5078 1217 5160 primum.“
