<?xml version="1.0" encoding="UTF-8"?>
<!DOCTYPE html PUBLIC "-//W3C//DTD XHTML 1.0 Transitional//EN"
    "http://www.w3.org/TR/xhtml1/DTD/xhtml1-transitional.dtd">
<html xmlns="http://www.w3.org/1999/xhtml" xml:lang="en" lang="en">
 <head>
  <title>
</title>
<meta http-equiv="Content-Type" content="text/html;charset=utf-8" />
  <meta name='ocr-system' content='tesseract 3.04.00' />
  <meta name='ocr-capabilities' content='ocr_page ocr_carea ocr_par ocr_line ocrx_word'/>
</head>
<body>
  <div class='ocr_page' id='page_1' title='image "actaetdecretaco00schwgoog_0139.png"; bbox 0 0 3960 5956; ppageno 0'>
   <div class='ocr_carea' id='block_1_1' title="bbox 597 770 1379 1107">
    <p class='ocr_par' dir='ltr' id='par_1_1' title="bbox 597 770 1379 1107">
     <span class='ocr_line' id='line_1_1' title="bbox 792 770 1166 873; baseline -0.011 1"><span class='ocrx_word' id='word_1_1' title='bbox 792 770 1047 873; x_wconf 76' lang='lat' dir='ltr'>namus</span> <span class='ocrx_word' id='word_1_2' title='bbox 1074 770 1166 871; x_wconf 86' lang='lat' dir='ltr'>m</span> 
     </span>
     <span class='ocr_line' id='line_1_2' title="bbox 597 1020 1379 1107; baseline 0.001 -4"><span class='ocrx_word' id='word_1_3' title='bbox 597 1023 709 1104; x_wconf 85' lang='lat' dir='ltr'>DE</span> <span class='ocrx_word' id='word_1_4' title='bbox 740 1022 1027 1107; x_wconf 77' lang='lat' dir='ltr'><strong>CULTU</strong></span> <span class='ocrx_word' id='word_1_5' title='bbox 1057 1020 1379 1104; x_wconf 77' lang='lat' dir='ltr'>DIVINo.</span> 
     </span>
    </p>
   </div>
   <div class='ocr_carea' id='block_1_2' title="bbox 524 1323 1450 1634">
    <p class='ocr_par' dir='ltr' id='par_1_2' title="bbox 524 1323 1450 1634">
     <span class='ocr_line' id='line_1_3' title="bbox 849 1323 1103 1410; baseline -0.012 0"><span class='ocrx_word' id='word_1_6' title='bbox 849 1323 1042 1410; x_wconf 80' lang='lat' dir='ltr'><strong>CAPUT</strong></span> <span class='ocrx_word' id='word_1_7' title='bbox 1070 1326 1103 1408; x_wconf 91' lang='grc' dir='ltr'>Ι.</span> 
     </span>
     <span class='ocr_line' id='line_1_4' title="bbox 524 1545 1450 1634; baseline 0.004 -9"><span class='ocrx_word' id='word_1_8' title='bbox 524 1546 595 1626; x_wconf 90' lang='lat' dir='ltr'>De</span> <span class='ocrx_word' id='word_1_9' title='bbox 635 1545 934 1629; x_wconf 81' lang='lat' dir='ltr'>sanctissimo</span> <span class='ocrx_word' id='word_1_10' title='bbox 979 1547 1152 1634; x_wconf 78' lang='lat' dir='ltr'><strong>Missae</strong></span> <span class='ocrx_word' id='word_1_11' title='bbox 1198 1546 1450 1631; x_wconf 74' lang='lat' dir='ltr'>Sacrificio.</span> 
     </span>
    </p>
   </div>
   <div class='ocr_carea' id='block_1_3' title="bbox 189 1742 1728 2043">
    <p class='ocr_par' dir='ltr' id='par_1_3' title="bbox 189 1742 1728 2043">
     <span class='ocr_line' id='line_1_5' title="bbox 189 1742 1727 1884; baseline 0.005 -29"><span class='ocrx_word' id='word_1_12' title='bbox 189 1742 190 1745; x_wconf 10' lang='lat' dir='ltr'>i</span> <span class='ocrx_word' id='word_1_13' title='bbox 349 1770 496 1856; x_wconf 76' lang='lat' dir='ltr'>Cultus</span> <span class='ocrx_word' id='word_1_14' title='bbox 536 1773 666 1856; x_wconf 87' lang='lat' dir='ltr'>divini</span> <span class='ocrx_word' id='word_1_15' title='bbox 704 1775 950 1884; x_wconf 87' lang='lat' dir='ltr'>praecipuus</span> <span class='ocrx_word' id='word_1_16' title='bbox 995 1785 1111 1858; x_wconf 88' lang='lat' dir='ltr'>actus</span> <span class='ocrx_word' id='word_1_17' title='bbox 1151 1774 1397 1858; x_wconf 88' lang='lat' dir='ltr'>sacrificium</span> <span class='ocrx_word' id='word_1_18' title='bbox 1441 1785 1513 1858; x_wconf 89' lang='lat' dir='ltr'>est.</span> <span class='ocrx_word' id='word_1_19' title='bbox 1582 1757 1633 1859; x_wconf 92' lang='lat' dir='ltr'>In</span> <span class='ocrx_word' id='word_1_20' title='bbox 1678 1805 1727 1862; x_wconf 90' lang='lat' dir='ltr'>eo</span> 
     </span>
     <span class='ocr_line' id='line_1_6' title="bbox 234 1905 1728 2043; baseline 0.004 -57"><span class='ocrx_word' id='word_1_21' title='bbox 234 1905 389 2017; x_wconf 86' lang='lat' dir='ltr'>quippe</span> <span class='ocrx_word' id='word_1_22' title='bbox 417 1907 557 1988; x_wconf 93' lang='lat' dir='ltr'>omnia</span> <span class='ocrx_word' id='word_1_23' title='bbox 585 1905 880 2016; x_wconf 79' lang='lat' dir='ltr'>perfectissime</span> <span class='ocrx_word' id='word_1_24' title='bbox 910 1907 1331 2017; x_wconf 87' lang='lat' dir='ltr'>comprehenduntur,</span> <span class='ocrx_word' id='word_1_25' title='bbox 1358 1907 1583 2043; x_wconf 52' lang='lat' dir='ltr'>quaaffleo</span> <span class='ocrx_word' id='word_1_26' title='bbox 1613 1937 1728 1992; x_wconf 91' lang='lat' dir='ltr'>sum-</span> 
     </span>
    </p>
   </div>
   <div class='ocr_carea' id='block_1_4' title="bbox 75 2039 1728 2150">
    <p class='ocr_par' dir='ltr' id='par_1_4' title="bbox 75 2039 1728 2150">
     <span class='ocr_line' id='line_1_7' title="bbox 75 2039 1728 2150; baseline 0.004 -31"><span class='ocrx_word' id='word_1_27' title='bbox 75 2116 77 2119; x_wconf 72' lang='lat'><em>.</em></span> <span class='ocrx_word' id='word_1_28' title='bbox 232 2067 315 2142; x_wconf 90' lang='lat' dir='ltr'>mo,</span> <span class='ocrx_word' id='word_1_29' title='bbox 344 2039 551 2122; x_wconf 92' lang='lat' dir='ltr'>bonorum</span> <span class='ocrx_word' id='word_1_30' title='bbox 581 2041 769 2122; x_wconf 93' lang='lat' dir='ltr'>omnium</span> <span class='ocrx_word' id='word_1_31' title='bbox 797 2041 1000 2150; x_wconf 86' lang='lat' dir='ltr'>largitori,</span> <span class='ocrx_word' id='word_1_32' title='bbox 1032 2069 1157 2150; x_wconf 90' lang='lat' dir='ltr'>quem</span> <span class='ocrx_word' id='word_1_33' title='bbox 1196 2041 1464 2125; x_wconf 89' lang='lat' dir='ltr'>nihilominus</span> <span class='ocrx_word' id='word_1_34' title='bbox 1493 2050 1634 2125; x_wconf 85' lang='lat' dir='ltr'>tamen</span> <span class='ocrx_word' id='word_1_35' title='bbox 1662 2043 1728 2125; x_wconf 92' lang='lat' dir='ltr'>in-</span> 
     </span>
    </p>
   </div>
   <div class='ocr_carea' id='block_1_5' title="bbox 140 2164 1730 3213">
    <p class='ocr_par' dir='ltr' id='par_1_5' title="bbox 140 2164 1730 3213">
     <span class='ocr_line' id='line_1_8' title="bbox 231 2164 1729 2285; baseline 0.001 -29"><span class='ocrx_word' id='word_1_36' title='bbox 231 2164 557 2256; x_wconf 78' lang='lat' dir='ltr'>numerabilibus</span> <span class='ocrx_word' id='word_1_37' title='bbox 597 2174 777 2281; x_wconf 89' lang='lat' dir='ltr'>peccatis</span> <span class='ocrx_word' id='word_1_38' title='bbox 817 2185 859 2255; x_wconf 87' lang='lat' dir='ltr'>et</span> <span class='ocrx_word' id='word_1_39' title='bbox 894 2174 1158 2285; x_wconf 81' lang='lat' dir='ltr'>negligentiis</span> <span class='ocrx_word' id='word_1_40' title='bbox 1198 2174 1462 2275; x_wconf 87' lang='lat' dir='ltr'>offendimus,</span> <span class='ocrx_word' id='word_1_41' title='bbox 1500 2176 1729 2283; x_wconf 85' lang='lat' dir='ltr'>justissime</span> 
     </span>
     <span class='ocr_line' id='line_1_9' title="bbox 233 2295 1730 2418; baseline 0 -29"><span class='ocrx_word' id='word_1_42' title='bbox 233 2304 442 2389; x_wconf 91' lang='lat' dir='ltr'>debemus.</span> <span class='ocrx_word' id='word_1_43' title='bbox 504 2304 629 2407; x_wconf 78' lang='lat' dir='ltr'>Quod</span> <span class='ocrx_word' id='word_1_44' title='bbox 657 2334 755 2388; x_wconf 92' lang='lat' dir='ltr'>vero</span> <span class='ocrx_word' id='word_1_45' title='bbox 786 2296 989 2389; x_wconf 86' lang='lat' dir='ltr'>desideria</span> <span class='ocrx_word' id='word_1_46' title='bbox 1017 2308 1205 2416; x_wconf 91' lang='lat' dir='ltr'>gentium</span> <span class='ocrx_word' id='word_1_47' title='bbox 1235 2305 1461 2418; x_wconf 82' lang='lat' dir='ltr'>efflagitare</span> <span class='ocrx_word' id='word_1_48' title='bbox 1495 2316 1659 2400; x_wconf 89' lang='lat' dir='ltr'>tantum</span> <span class='ocrx_word' id='word_1_49' title='bbox 1688 2295 1730 2390; x_wconf 82' lang='lat' dir='ltr'>et</span> 
     </span>
     <span class='ocr_line' id='line_1_10' title="bbox 232 2437 1730 2549; baseline 0.001 -29"><span class='ocrx_word' id='word_1_50' title='bbox 232 2439 391 2547; x_wconf 86' lang='lat' dir='ltr'>antiqui</span> <span class='ocrx_word' id='word_1_51' title='bbox 430 2437 626 2521; x_wconf 86' lang='lat' dir='ltr'>Foederis</span> <span class='ocrx_word' id='word_1_52' title='bbox 665 2438 822 2548; x_wconf 81' lang='lat' dir='ltr'>figurae</span> <span class='ocrx_word' id='word_1_53' title='bbox 861 2439 1126 2548; x_wconf 79' lang='lat' dir='ltr'>praesignare</span> <span class='ocrx_word' id='word_1_54' title='bbox 1164 2449 1366 2549; x_wconf 83' lang='lat' dir='ltr'>poterant,</span> <span class='ocrx_word' id='word_1_55' title='bbox 1406 2439 1624 2548; x_wconf 86' lang='lat' dir='ltr'>impletum</span> <span class='ocrx_word' id='word_1_56' title='bbox 1651 2439 1730 2522; x_wconf 82' lang='lat' dir='ltr'>fuit</span> 
     </span>
     <span class='ocr_line' id='line_1_11' title="bbox 232 2567 1729 2678; baseline -0.001 -24"><span class='ocrx_word' id='word_1_57' title='bbox 232 2580 403 2654; x_wconf 86' lang='lat' dir='ltr'>cruenta</span> <span class='ocrx_word' id='word_1_58' title='bbox 432 2570 563 2653; x_wconf 90' lang='lat' dir='ltr'>divini</span> <span class='ocrx_word' id='word_1_59' title='bbox 594 2570 819 2654; x_wconf 82' lang='lat' dir='ltr'>Salvatoris</span> <span class='ocrx_word' id='word_1_60' title='bbox 850 2569 1069 2670; x_wconf 91' lang='lat' dir='ltr'>oblatione,</span> <span class='ocrx_word' id='word_1_61' title='bbox 1101 2598 1227 2678; x_wconf 91' lang='lat' dir='ltr'>quam</span> <span class='ocrx_word' id='word_1_62' title='bbox 1256 2572 1301 2652; x_wconf 86' lang='lat' dir='ltr'>in</span> <span class='ocrx_word' id='word_1_63' title='bbox 1330 2598 1402 2651; x_wconf 89' lang='lat' dir='ltr'>ara</span> <span class='ocrx_word' id='word_1_64' title='bbox 1427 2567 1573 2654; x_wconf 80' lang='lat' dir='ltr'>Crucis</span> <span class='ocrx_word' id='word_1_65' title='bbox 1602 2571 1729 2654; x_wconf 91' lang='lat' dir='ltr'>semel</span> 
     </span>
     <span class='ocr_line' id='line_1_12' title="bbox 140 2703 1728 2815; baseline -0.001 -28"><span class='ocrx_word' id='word_1_66' title='bbox 140 2792 143 2798; x_wconf 68' lang='grc'>,</span> <span class='ocrx_word' id='word_1_67' title='bbox 232 2707 402 2815; x_wconf 83' lang='lat' dir='ltr'>peregit,</span> <span class='ocrx_word' id='word_1_68' title='bbox 433 2703 506 2786; x_wconf 93' lang='lat' dir='ltr'>sed</span> <span class='ocrx_word' id='word_1_69' title='bbox 535 2732 665 2813; x_wconf 92' lang='lat' dir='ltr'>usque</span> <span class='ocrx_word' id='word_1_70' title='bbox 695 2704 750 2786; x_wconf 90' lang='lat' dir='ltr'>ad</span> <span class='ocrx_word' id='word_1_71' title='bbox 780 2705 1181 2786; x_wconf 90' lang='lat' dir='ltr'>consummationem</span> <span class='ocrx_word' id='word_1_72' title='bbox 1212 2703 1364 2785; x_wconf 86' lang='lat' dir='ltr'>saeculi</span> <span class='ocrx_word' id='word_1_73' title='bbox 1386 2731 1627 2813; x_wconf 82' lang='lat' dir='ltr'>permanere</span> <span class='ocrx_word' id='word_1_74' title='bbox 1655 2704 1728 2786; x_wconf 90' lang='lat' dir='ltr'>de·</span> 
     </span>
     <span class='ocr_line' id='line_1_13' title="bbox 233 2816 1729 2946; baseline 0 -26"><span class='ocrx_word' id='word_1_75' title='bbox 233 2839 371 2938; x_wconf 88' lang='lat' dir='ltr'>crevit,</span> <span class='ocrx_word' id='word_1_76' title='bbox 403 2848 444 2918; x_wconf 87' lang='lat' dir='ltr'>et</span> <span class='ocrx_word' id='word_1_77' title='bbox 472 2838 685 2919; x_wconf 90' lang='lat' dir='ltr'>incruento</span> <span class='ocrx_word' id='word_1_78' title='bbox 716 2838 843 2919; x_wconf 92' lang='lat' dir='ltr'>modo</span> <span class='ocrx_word' id='word_1_79' title='bbox 864 2838 1054 2918; x_wconf 89' lang='lat' dir='ltr'>innovari</span> <span class='ocrx_word' id='word_1_80' title='bbox 1075 2816 1115 2919; x_wconf 88' lang='lat' dir='ltr'>et</span> <span class='ocrx_word' id='word_1_81' title='bbox 1136 2838 1366 2918; x_wconf 88' lang='lat' dir='ltr'>continuari</span> <span class='ocrx_word' id='word_1_82' title='bbox 1388 2839 1514 2946; x_wconf 89' lang='lat' dir='ltr'>jussit</span> <span class='ocrx_word' id='word_1_83' title='bbox 1541 2839 1586 2919; x_wconf 94' lang='lat' dir='ltr'>in</span> <span class='ocrx_word' id='word_1_84' title='bbox 1608 2865 1729 2920; x_wconf 85' lang='lat' dir='ltr'>sane-</span> 
     </span>
     <span class='ocr_line' id='line_1_14' title="bbox 232 2969 1729 3080; baseline -0.001 -28"><span class='ocrx_word' id='word_1_85' title='bbox 232 2972 392 3053; x_wconf 87' lang='lat' dir='ltr'>tissimo</span> <span class='ocrx_word' id='word_1_86' title='bbox 432 2969 582 3052; x_wconf 81' lang='lat' dir='ltr'>Missae</span> <span class='ocrx_word' id='word_1_87' title='bbox 623 2969 843 3072; x_wconf 86' lang='lat' dir='ltr'>Sacrificio,</span> <span class='ocrx_word' id='word_1_88' title='bbox 884 2980 931 3051; x_wconf 90' lang='lat' dir='ltr'>ut</span> <span class='ocrx_word' id='word_1_89' title='bbox 960 2969 1158 3051; x_wconf 85' lang='lat' dir='ltr'>salutares</span> <span class='ocrx_word' id='word_1_90' title='bbox 1197 2969 1474 3079; x_wconf 88' lang='lat' dir='ltr'>uberrimique</span> <span class='ocrx_word' id='word_1_91' title='bbox 1504 2997 1602 3052; x_wconf 90' lang='lat' dir='ltr'>suae</span> <span class='ocrx_word' id='word_1_92' title='bbox 1631 2997 1729 3080; x_wconf 87' lang='lat' dir='ltr'>pas-</span> 
     </span>
     <span class='ocr_line' id='line_1_15' title="bbox 233 3095 1729 3213; baseline 0.001 -30"><span class='ocrx_word' id='word_1_93' title='bbox 233 3095 360 3185; x_wconf 86' lang='lat' dir='ltr'>sionis</span> <span class='ocrx_word' id='word_1_94' title='bbox 389 3102 544 3184; x_wconf 89' lang='lat' dir='ltr'>fructus</span> <span class='ocrx_word' id='word_1_95' title='bbox 574 3104 618 3184; x_wconf 92' lang='lat' dir='ltr'>in</span> <span class='ocrx_word' id='word_1_96' title='bbox 647 3103 836 3185; x_wconf 92' lang='lat' dir='ltr'>homines</span> <span class='ocrx_word' id='word_1_97' title='bbox 867 3131 1028 3212; x_wconf 87' lang='lat' dir='ltr'>semper</span> <span class='ocrx_word' id='word_1_98' title='bbox 1056 3100 1343 3184; x_wconf 88' lang='lat' dir='ltr'>redundarent.</span> <span class='ocrx_word' id='word_1_99' title='bbox 1389 3102 1532 3204; x_wconf 83' lang='lat' dir='ltr'>,Quae</span> <span class='ocrx_word' id='word_1_100' title='bbox 1561 3102 1729 3213; x_wconf 91' lang='lat' dir='ltr'>quidem</span> 
     </span>
    </p>
   </div>
   <div class='ocr_carea' id='block_1_6' title="bbox 233 3234 1880 3346">
    <p class='ocr_par' dir='ltr' id='par_1_6' title="bbox 233 3234 1880 3346">
     <span class='ocr_line' id='line_1_16' title="bbox 233 3234 1880 3346; baseline -0.001 -25"><span class='ocrx_word' id='word_1_101' title='bbox 233 3237 390 3321; x_wconf 89' lang='lat' dir='ltr'>oblatio</span> <span class='ocrx_word' id='word_1_102' title='bbox 429 3235 627 3318; x_wconf 87' lang='lat' dir='ltr'>ineffabili</span> <span class='ocrx_word' id='word_1_103' title='bbox 663 3262 832 3344; x_wconf 90' lang='lat' dir='ltr'>prorsus</span> <span class='ocrx_word' id='word_1_104' title='bbox 861 3236 1073 3316; x_wconf 86' lang='lat' dir='ltr'>fructuum</span> <span class='ocrx_word' id='word_1_105' title='bbox 1113 3234 1300 3318; x_wconf 84' lang='lat' dir='ltr'>ubertate</span> <span class='ocrx_word' id='word_1_106' title='bbox 1336 3236 1571 3319; x_wconf 89' lang='lat' dir='ltr'>redundans</span> <span class='ocrx_word' id='word_1_107' title='bbox 1608 3264 1729 3346; x_wconf 87' lang='lat' dir='ltr'>prae-</span> <span class='ocrx_word' id='word_1_108' title='bbox 1878 3278 1880 3283; x_wconf 36' lang='lat' dir='ltr'><em>s</em></span> 
     </span>
    </p>
   </div>
   <div class='ocr_carea' id='block_1_7' title="bbox 182 3367 1745 5211">
    <p class='ocr_par' dir='ltr' id='par_1_7' title="bbox 182 3367 1745 5211">
     <span class='ocr_line' id='line_1_17' title="bbox 233 3367 1729 3479; baseline -0.003 -25"><span class='ocrx_word' id='word_1_109' title='bbox 233 3383 391 3456; x_wconf 88' lang='lat' dir='ltr'>sentem</span> <span class='ocrx_word' id='word_1_110' title='bbox 421 3397 551 3479; x_wconf 88' lang='lat' dir='ltr'>aeque</span> <span class='ocrx_word' id='word_1_111' title='bbox 580 3397 629 3449; x_wconf 92' lang='lat' dir='ltr'>ac</span> <span class='ocrx_word' id='word_1_112' title='bbox 658 3367 840 3450; x_wconf 81' lang='lat' dir='ltr'>firturam</span> <span class='ocrx_word' id='word_1_113' title='bbox 868 3369 998 3449; x_wconf 87' lang='lat' dir='ltr'>vitam</span> <span class='ocrx_word' id='word_1_114' title='bbox 1028 3369 1325 3477; x_wconf 81' lang='lat' dir='ltr'>complectitur.</span> <span class='ocrx_word' id='word_1_115' title='bbox 1378 3369 1442 3451; x_wconf 84' lang='lat' dir='ltr'>Ea</span> <span class='ocrx_word' id='word_1_116' title='bbox 1471 3371 1582 3452; x_wconf 85' lang='lat' dir='ltr'>enim</span> <span class='ocrx_word' id='word_1_117' title='bbox 1610 3369 1729 3452; x_wconf 89' lang='lat' dir='ltr'>obla-</span> 
     </span>
     <span class='ocr_line' id='line_1_18' title="bbox 182 3501 1728 3614; baseline -0.002 -26"><span class='ocrx_word' id='word_1_118' title='bbox 182 3541 190 3547; x_wconf 94' lang='lat'><em>·</em></span> <span class='ocrx_word' id='word_1_119' title='bbox 233 3506 346 3588; x_wconf 92' lang='lat' dir='ltr'>tione</span> <span class='ocrx_word' id='word_1_120' title='bbox 365 3504 553 3614; x_wconf 88' lang='lat' dir='ltr'>placatus</span> <span class='ocrx_word' id='word_1_121' title='bbox 573 3501 688 3584; x_wconf 91' lang='lat' dir='ltr'>Deus</span> <span class='ocrx_word' id='word_1_122' title='bbox 708 3503 897 3612; x_wconf 82' lang='lat' dir='ltr'>gratiam,</span> <span class='ocrx_word' id='word_1_123' title='bbox 928 3501 1167 3610; x_wconf 91' lang='lat' dir='ltr'>donumque</span> <span class='ocrx_word' id='word_1_124' title='bbox 1187 3504 1466 3611; x_wconf 88' lang='lat' dir='ltr'>poenitentiae</span> <span class='ocrx_word' id='word_1_125' title='bbox 1487 3502 1728 3604; x_wconf 88' lang='lat' dir='ltr'>concedens,</span> 
     </span>
     <span class='ocr_line' id='line_1_19' title="bbox 233 3634 1730 3746; baseline -0.001 -26"><span class='ocrx_word' id='word_1_126' title='bbox 233 3638 405 3720; x_wconf 90' lang='lat' dir='ltr'>crimina</span> <span class='ocrx_word' id='word_1_127' title='bbox 445 3647 486 3717; x_wconf 92' lang='lat' dir='ltr'>et</span> <span class='ocrx_word' id='word_1_128' title='bbox 525 3645 695 3744; x_wconf 85' lang='lat' dir='ltr'>peccata</span> <span class='ocrx_word' id='word_1_129' title='bbox 735 3636 859 3716; x_wconf 83' lang='lat' dir='ltr'>etiam</span> <span class='ocrx_word' id='word_1_130' title='bbox 895 3635 1082 3744; x_wconf 87' lang='lat' dir='ltr'>ingentia</span> <span class='ocrx_word' id='word_1_131' title='bbox 1118 3634 1298 3735; x_wconf 84' lang='lat' dir='ltr'>dimittit,</span> <span class='ocrx_word' id='word_1_132' title='bbox 1339 3664 1389 3717; x_wconf 88' lang='lat' dir='ltr'>ac</span> <span class='ocrx_word' id='word_1_133' title='bbox 1425 3637 1522 3718; x_wconf 90' lang='lat' dir='ltr'>licet</span> <span class='ocrx_word' id='word_1_134' title='bbox 1549 3636 1730 3746; x_wconf 87' lang='lat' dir='ltr'>peccatis</span> 
     </span>
     <span class='ocr_line' id='line_1_20' title="bbox 232 3744 1730 3880; baseline -0.002 -27"><span class='ocrx_word' id='word_1_135' title='bbox 232 3772 382 3880; x_wconf 78' lang='lat' dir='ltr'>nostris</span> <span class='ocrx_word' id='word_1_136' title='bbox 421 3770 601 3880; x_wconf 86' lang='lat' dir='ltr'>graviter</span> <span class='ocrx_word' id='word_1_137' title='bbox 641 3744 832 3868; x_wconf 82' lang='lat' dir='ltr'>offensus,</span> <span class='ocrx_word' id='word_1_138' title='bbox 869 3768 923 3851; x_wconf 91' lang='lat' dir='ltr'>ab</span> <span class='ocrx_word' id='word_1_139' title='bbox 961 3769 1021 3848; x_wconf 91' lang='lat' dir='ltr'>ira</span> <span class='ocrx_word' id='word_1_140' title='bbox 1060 3767 1114 3848; x_wconf 90' lang='lat' dir='ltr'>ad</span> <span class='ocrx_word' id='word_1_141' title='bbox 1152 3768 1493 3865; x_wconf 87' lang='lat' dir='ltr'>misericordiam,</span> <span class='ocrx_word' id='word_1_142' title='bbox 1533 3797 1560 3849; x_wconf 89' lang='lat' dir='ltr'>a</span> <span class='ocrx_word' id='word_1_143' title='bbox 1591 3770 1730 3878; x_wconf 85' lang='lat' dir='ltr'>justae</span> 
     </span>
     <span class='ocr_line' id='line_1_21' title="bbox 233 3890 1729 4005; baseline -0.001 -21"><span class='ocrx_word' id='word_1_144' title='bbox 233 3901 600 3984; x_wconf 87' lang='lat' dir='ltr'>animadversionis</span> <span class='ocrx_word' id='word_1_145' title='bbox 631 3901 845 3981; x_wconf 89' lang='lat' dir='ltr'>severitate</span> <span class='ocrx_word' id='word_1_146' title='bbox 875 3900 929 3981; x_wconf 89' lang='lat' dir='ltr'>ad</span> <span class='ocrx_word' id='word_1_147' title='bbox 959 3900 1220 3982; x_wconf 90' lang='lat' dir='ltr'>clementiam</span> <span class='ocrx_word' id='word_1_148' title='bbox 1255 3900 1499 4005; x_wconf 80' lang='lat' dir='ltr'>traducitur3</span> <span class='ocrx_word' id='word_1_149' title='bbox 1545 3927 1595 3983; x_wconf 91' lang='lat' dir='ltr'>ea</span> <span class='ocrx_word' id='word_1_150' title='bbox 1623 3890 1729 3982; x_wconf 84' lang='lat' dir='ltr'>tem-</span> 
     </span>
     <span class='ocr_line' id='line_1_22' title="bbox 232 4029 1730 4146; baseline -0.001 -28"><span class='ocrx_word' id='word_1_151' title='bbox 232 4035 438 4146; x_wconf 86' lang='lat' dir='ltr'>poralium</span> <span class='ocrx_word' id='word_1_152' title='bbox 468 4061 695 4144; x_wconf 89' lang='lat' dir='ltr'>poenarum</span> <span class='ocrx_word' id='word_1_153' title='bbox 725 4044 860 4114; x_wconf 89' lang='lat' dir='ltr'>reatus</span> <span class='ocrx_word' id='word_1_154' title='bbox 891 4043 932 4114; x_wconf 90' lang='lat' dir='ltr'>et</span> <span class='ocrx_word' id='word_1_155' title='bbox 961 4032 1161 4143; x_wconf 81' lang='lat' dir='ltr'>obligatio</span> <span class='ocrx_word' id='word_1_156' title='bbox 1193 4034 1449 4138; x_wconf 81' lang='lat' dir='ltr'>dissolvitur3</span> <span class='ocrx_word' id='word_1_157' title='bbox 1480 4061 1529 4116; x_wconf 90' lang='lat' dir='ltr'>ea</span> <span class='ocrx_word' id='word_1_158' title='bbox 1558 4029 1730 4116; x_wconf 83' lang='lat' dir='ltr'>defunc-</span> 
     </span>
     <span class='ocr_line' id='line_1_23' title="bbox 232 4165 1730 4276; baseline -0.001 -25"><span class='ocrx_word' id='word_1_159' title='bbox 232 4167 370 4251; x_wconf 81' lang='lat' dir='ltr'>torum</span> <span class='ocrx_word' id='word_1_160' title='bbox 399 4169 443 4249; x_wconf 92' lang='lat' dir='ltr'>in</span> <span class='ocrx_word' id='word_1_161' title='bbox 473 4165 638 4251; x_wconf 79' lang='lat' dir='ltr'>Oinisto</span> <span class='ocrx_word' id='word_1_162' title='bbox 669 4167 832 4248; x_wconf 86' lang='lat' dir='ltr'>animae</span> <span class='ocrx_word' id='word_1_163' title='bbox 860 4165 1047 4254; x_wconf 89' lang='lat' dir='ltr'>nondum</span> <span class='ocrx_word' id='word_1_164' title='bbox 1077 4165 1131 4248; x_wconf 88' lang='lat' dir='ltr'>ad</span> <span class='ocrx_word' id='word_1_165' title='bbox 1162 4166 1331 4274; x_wconf 89' lang='lat' dir='ltr'>plenum</span> <span class='ocrx_word' id='word_1_166' title='bbox 1360 4176 1562 4276; x_wconf 86' lang='lat' dir='ltr'>purgatae</span> <span class='ocrx_word' id='word_1_167' title='bbox 1591 4167 1730 4250; x_wconf 93' lang='lat' dir='ltr'>suble-</span> 
     </span>
     <span class='ocr_line' id='line_1_24' title="bbox 234 4298 1730 4407; baseline -0.003 -23"><span class='ocrx_word' id='word_1_168' title='bbox 234 4311 409 4405; x_wconf 81' lang='lat' dir='ltr'>vantur3</span> <span class='ocrx_word' id='word_1_169' title='bbox 455 4327 504 4382; x_wconf 88' lang='lat' dir='ltr'>ea</span> <span class='ocrx_word' id='word_1_170' title='bbox 548 4299 785 4382; x_wconf 90' lang='lat' dir='ltr'>obtinentur</span> <span class='ocrx_word' id='word_1_171' title='bbox 829 4325 994 4406; x_wconf 90' lang='lat' dir='ltr'>quoque</span> <span class='ocrx_word' id='word_1_172' title='bbox 1038 4300 1287 4407; x_wconf 88' lang='lat' dir='ltr'>temporaria</span> <span class='ocrx_word' id='word_1_173' title='bbox 1330 4298 1461 4399; x_wconf 89' lang='lat' dir='ltr'>bona,</span> <span class='ocrx_word' id='word_1_174' title='bbox 1512 4300 1547 4381; x_wconf 91' lang='lat' dir='ltr'>si</span> <span class='ocrx_word' id='word_1_175' title='bbox 1590 4310 1730 4381; x_wconf 83' lang='lat' dir='ltr'>tamen</span> 
     </span>
     <span class='ocr_line' id='line_1_25' title="bbox 233 4429 1745 4545; baseline -0.002 -27"><span class='ocrx_word' id='word_1_176' title='bbox 233 4432 462 4545; x_wconf 84' lang='lat' dir='ltr'>potioribus</span> <span class='ocrx_word' id='word_1_177' title='bbox 492 4445 577 4514; x_wconf 88' lang='lat' dir='ltr'>no&#39;n</span> <span class='ocrx_word' id='word_1_178' title='bbox 608 4430 808 4534; x_wconf 71' lang='lat' dir='ltr'>officiant,</span> <span class='ocrx_word' id='word_1_179' title='bbox 854 4441 896 4512; x_wconf 89' lang='lat' dir='ltr'>et</span> <span class='ocrx_word' id='word_1_180' title='bbox 935 4429 1097 4514; x_wconf 88' lang='lat' dir='ltr'>Sanctis</span> <span class='ocrx_word' id='word_1_181' title='bbox 1135 4442 1176 4512; x_wconf 91' lang='lat' dir='ltr'>et</span> <span class='ocrx_word' id='word_1_182' title='bbox 1204 4432 1407 4540; x_wconf 88' lang='lat' dir='ltr'>imprimis</span> <span class='ocrx_word' id='word_1_183' title='bbox 1436 4432 1745 4516; x_wconf 84' lang='lat' dir='ltr'>immaculatae.</span> 
     </span>
     <span class='ocr_line' id='line_1_26' title="bbox 233 4561 1731 4674; baseline -0.001 -25"><span class='ocrx_word' id='word_1_184' title='bbox 233 4567 595 4673; x_wconf 87' lang='lat' dir='ltr'>sanctissimaeque</span> <span class='ocrx_word' id='word_1_185' title='bbox 624 4564 704 4646; x_wconf 91' lang='lat' dir='ltr'>Dei</span> <span class='ocrx_word' id='word_1_186' title='bbox 743 4561 942 4646; x_wconf 85' lang='lat' dir='ltr'>Genitrici</span> <span class='ocrx_word' id='word_1_187' title='bbox 972 4563 1131 4674; x_wconf 89' lang='lat' dir='ltr'>Virgini</span> <span class='ocrx_word' id='word_1_188' title='bbox 1170 4562 1325 4647; x_wconf 87' lang='lat' dir='ltr'>Mariae</span> <span class='ocrx_word' id='word_1_189' title='bbox 1357 4566 1531 4648; x_wconf 86' lang='lat' dir='ltr'>eximius</span> <span class='ocrx_word' id='word_1_190' title='bbox 1560 4564 1731 4673; x_wconf 82' lang='lat' dir='ltr'>quidam</span> 
     </span>
     <span class='ocr_line' id='line_1_27' title="bbox 233 4695 1731 4807; baseline -0.005 -24"><span class='ocrx_word' id='word_1_191' title='bbox 233 4698 367 4783; x_wconf 87' lang='lat' dir='ltr'>honor</span> <span class='ocrx_word' id='word_1_192' title='bbox 397 4699 611 4807; x_wconf 89' lang='lat' dir='ltr'>cultusque</span> <span class='ocrx_word' id='word_1_193' title='bbox 641 4697 918 4780; x_wconf 84' lang='lat' dir='ltr'>conciliatur.“</span> <span class='ocrx_word' id='word_1_194' title='bbox 943 4746 999 4756; x_wconf 94' lang='lat'><strong>—</strong></span> <span class='ocrx_word' id='word_1_195' title='bbox 1025 4695 1207 4797; x_wconf 85' lang='lat' dir='ltr'>,Idcirco</span> <span class='ocrx_word' id='word_1_196' title='bbox 1229 4708 1373 4779; x_wconf 84' lang='lat' dir='ltr'>sancta</span> <span class='ocrx_word' id='word_1_197' title='bbox 1391 4697 1525 4780; x_wconf 84' lang='lat' dir='ltr'>Mater</span> <span class='ocrx_word' id='word_1_198' title='bbox 1543 4696 1731 4781; x_wconf 82' lang='lat' dir='ltr'>Ecclesia</span> 
     </span>
     <span class='ocr_line' id='line_1_28' title="bbox 234 4828 1727 4941; baseline -0.002 -26"><span class='ocrx_word' id='word_1_199' title='bbox 234 4842 378 4915; x_wconf 88' lang='lat' dir='ltr'>sancto</span> <span class='ocrx_word' id='word_1_200' title='bbox 418 4830 548 4914; x_wconf 85' lang='lat' dir='ltr'>divini</span> <span class='ocrx_word' id='word_1_201' title='bbox 588 4832 650 4913; x_wconf 91' lang='lat' dir='ltr'>sui</span> <span class='ocrx_word' id='word_1_202' title='bbox 691 4829 842 4941; x_wconf 87' lang='lat' dir='ltr'>Sponsi</span> <span class='ocrx_word' id='word_1_203' title='bbox 882 4829 1013 4913; x_wconf 83' lang='lat' dir='ltr'>ditata</span> <span class='ocrx_word' id='word_1_204' title='bbox 1055 4828 1247 4911; x_wconf 88' lang='lat' dir='ltr'>thesauro</span> <span class='ocrx_word' id='word_1_205' title='bbox 1287 4859 1516 4941; x_wconf 84' lang='lat' dir='ltr'>numquam</span> <span class='ocrx_word' id='word_1_206' title='bbox 1560 4828 1727 4930; x_wconf 80' lang='lat' dir='ltr'>destitit,</span> 
     </span>
     <span class='ocr_line' id='line_1_29' title="bbox 235 4963 1730 5075; baseline -0.001 -28"><span class='ocrx_word' id='word_1_207' title='bbox 235 4993 401 5047; x_wconf 93' lang='lat' dir='ltr'>omnem</span> <span class='ocrx_word' id='word_1_208' title='bbox 432 4993 584 5065; x_wconf 88' lang='lat' dir='ltr'>curam,</span> <span class='ocrx_word' id='word_1_209' title='bbox 615 4992 783 5073; x_wconf 88' lang='lat' dir='ltr'>operam</span> <span class='ocrx_word' id='word_1_210' title='bbox 829 4963 1167 5075; x_wconf 86' lang='lat' dir='ltr'>diligentiamque</span> <span class='ocrx_word' id='word_1_211' title='bbox 1197 4964 1242 5045; x_wconf 88' lang='lat' dir='ltr'>in</span> <span class='ocrx_word' id='word_1_212' title='bbox 1270 4963 1313 5044; x_wconf 94' lang='lat' dir='ltr'>id</span> <span class='ocrx_word' id='word_1_213' title='bbox 1343 4964 1537 5065; x_wconf 89' lang='lat' dir='ltr'>conferre,</span> <span class='ocrx_word' id='word_1_214' title='bbox 1567 4973 1730 5045; x_wconf 82' lang='lat' dir='ltr'>uttam</span> 
     </span>
     <span class='ocr_line' id='line_1_30' title="bbox 233 5095 1729 5211; baseline 0.001 -29"><span class='ocrx_word' id='word_1_215' title='bbox 233 5097 493 5182; x_wconf 91' lang='lat' dir='ltr'>tremendum</span> <span class='ocrx_word' id='word_1_216' title='bbox 531 5097 775 5208; x_wconf 86' lang='lat' dir='ltr'>mysterium</span> <span class='ocrx_word' id='word_1_217' title='bbox 813 5125 840 5194; x_wconf 85' lang='lat' dir='ltr'>a</span> <span class='ocrx_word' id='word_1_218' title='bbox 878 5095 1179 5200; x_wconf 86' lang='lat' dir='ltr'>sacerdotibus,</span> <span class='ocrx_word' id='word_1_219' title='bbox 1225 5107 1381 5211; x_wconf 85' lang='lat' dir='ltr'>quanta</span> <span class='ocrx_word' id='word_1_220' title='bbox 1418 5097 1602 5182; x_wconf 85' lang='lat' dir='ltr'>maxima</span> <span class='ocrx_word' id='word_1_221' title='bbox 1640 5095 1729 5183; x_wconf 89' lang='lat' dir='ltr'>fieri</span> 
     </span>
    </p>
   </div>
   <div class='ocr_carea' id='block_1_8' title="bbox 0 0 1987 5956">
    <p class='ocr_par' dir='ltr' id='par_1_8' title="bbox 0 0 1987 5956">
     <span class='ocr_line' id='line_1_31' title="bbox 0 0 1987 5956; baseline 0 0"><span class='ocrx_word' id='word_1_222' title='bbox 0 0 1987 5956; x_wconf 95' lang='lat' dir='ltr'> </span> 
     </span>
    </p>
   </div>
  </div>
 </body>
</html>
