3960 5956
285 305 327 370 54

290 505 396 618 quae
416 536 622 617 nusquam
638 509 807 594 omnino
822 506 997 611 alibi“,3)
1013 537 1135 620 porro
1151 509 1283 592 sancti
1298 508 1450 607 Patres,
1468 534 1650 615 quorum<
1660 533 1786 615 opera

291 641 540 740 ditissimum
570 641 779 723 doctrinae
809 643 1055 725 christianae
1084 642 1323 726 thesaurum
1336 639 1553 740 exhibent,
1583 636 1789 723 tutissima
1894 659 1897 662 ’

291 772 576 883 praeconibus
593 774 793 882 praebent
821 777 1007 885 vestigia,
1038 774 1189 883 quibus
1208 774 1411 857 insistant.
1443 773 1789 882 Evangelizantes
1817 851 1819 855 .

290 907 430 1013 itaque
460 912 635 1013 regnum
665 905 883 1006 caelorum,
913 908 1050 990 missis
1080 906 1344 1016 opinionibus
1373 907 1582 1014 spuriique
1605 894 1789 1014 pictismi

290 1039 661 1147 phantasmatibus,
692 1039 792 1119 item
821 1039 957 1121 dubiis
987 1040 1053 1121 vel
1090 1039 1288 1123 fabulosis
1318 1020 1640 1139 narrationibus,
1681 1065 1789 1147 quae

291 1171 462 1252 adrem
491 1197 577 1251 non
605 1172 821 1278 pertinent,
859 1182 901 1253 ct
930 1171 1255 1281 expositionibus
1289 1170 1345 1253 de
1375 1171 1582 1253 miraculis
1616 1170 1670 1257 ab
1706 1169 1789 1252 Ec-

293 1304 417 1386 clesia
445 1303 632 1384 nondum
662 1305 884 1413 recognitis
913 1316 962 1386 et.
984 1305 1241 1414 approbatis,
1270 1283 1577 1412 argumentisve
1611 1303 1653 1384 vi
1688 1330 1789 1384 con·

292 1436 430 1536 tortis,
481 1436 619 1544 potius
669 1463 769 1517 oum¹
803 1436 1004 1520 brevitate
1043 1448 1085 1519 et
1122 1437 1324 1520 facilitate
1357 1437 1558 1518 sermonis
1607 1463 1657 1518 ea
1704 1445 1789 1517 tra·

293 1567 405 1667 dant,
447 1595 553 1675 quae
592 1566 796 1648 infallibili
837 1562 1055 1651 Ecclesiae
1084 1570 1266 1653 oraculo
1289 1569 1459 1650 omnino
1498 1595 1606 1668 vera,
1644 1577 1686 1650 et
1723 1568 1788 1648 in·

293 1698 428 1781 dubiis
467 1698 660 1782 historiae
690 1700 935 1785 testimoniis
966 1713 1077 1789 certa
1106 1703 1415 1810 dignoscuntur,
1447 1691 1635 1809 quaeque
1666 1710 1790 1809 prout

74 1872 79 1881 ·
183 1887 187 1894 -
293 1830 487 1940 Synodus
522 1831 764 1920 Tridentina
802 1836 982 1935 monuit,
1027 1836 1131 1919 scire
1170 1834 1363 1917 omnibus
1402 1834 1679 1916 necessarium
1713 1843 1789 1933 est,

292 1976 340 2047 ut
365 1992 544 2072 poenam
581 1975 790 2047 aeternam
830 1968 1003 2050 evadere
1043 1979 1084 2049 et
1123 1967 1343 2050 coelestem
1377 1965 1553 2075 gloriam
1591 1966 1788 2073 consequi

292 2097 469 2179 valeant
485 2094 520 2176 4)
919 2106 921 2115 ’
1209 2124 1214 2132 ·

411 2243 505 2344 Quo
534 2247 670 2355 magis
700 2257 840 2329 autem
869 2248 1011 2332 fideles
1040 2249 1095 2330 ad
1125 2193 1374 2329 audiendam
1404 2247 1647 2329 concionem
1676 2273 1790 2327 eam-

294 2406 387 2487 que·
404 2379 616 2487 integram
639 2369 879 2461 incitenturt
915 2391 1119 2489 optamus,
1150 2391 1197 2461 ut
1224 2381 1420 2487 antiquus
1448 2377 1659 2463 Ecclesiae
1687 2405 1790 2478 mos,

292 2511 467 2594 verbum
506 2511 586 2593 Dei
625 2512 780 2593 inter
769 2541 902 2621 rpsam
942 2512 1114 2596 Missam
1153 2511 1427 2622 praedicandi,
1469 2511 1541 2595 ubi
1576 2512 1792 2618 hucusque

293 2647 418 2754 viget,
391 2644 602 2725 tsedulo
643 2654 835 2725 servetur.
896 2645 1099 2726 Volumus
1139 2631 1299 2743 autem,
1338 2655 1386 2726 ut
1424 2645 1459 2726 si
1499 2645 1645 2726 concio
1684 2644 1792 2725 intra

294 2777 466 2860 Missam
505 2775 700 2875 habetur,
741 2804 1025 2885 quaecumque
1064 2777 1417 2886 promulgationes
1461 2777 1516 2858 ad
1523 2775 1816 2893 evitandam

294 2911 496 2991 mentium
541 2908 849 2991 distractionem
855 2936 1088 3021 u„usque
1069 2910 1123 3021 ad
1167 2910 1293 3030 finem
1337 2893 1489 2992 Missae
1539 2908 1838 3039 differantur
1870 2998 1873 3003 ,

333 3051 490 3122 eterum
523 3019 748 3124 conciones
788 3012 934 3124 saltem
971 3014 1220 3141 ordinariae,
1248 3048 1302 3124 ne
1302 3031 1616 3151 prrssixi'tate
1595 3019 1838 3123 onerosae
1883 3036 1886 3042 ’

295 3173 387 3273 sint,
419 3174 527 3255 ultra
536 3173 681 3293 hprae
695 3174 943 3285 dimidium
956 3202 1041 3277 non
1071 3173 1191 3256 facile
1220 3175 1522 3283 protrahantur

411 3339 462 3420 ln
503 3339 730 3448 majoribus
769 3340 951 3441 urbibus,
992 3351 1033 3421 et
1062 3341 1302 3449 praesertim
1348 3338 1653 3423 cathedralibus
1692 3330 1824 3446 ιιιο-Ι

293 3472 495 3555 videbunt
525 3472 743 3581 Episcopi,
774 3484 820 3554 ut
849 3474 1003 3556 iteratis
1033 3503 1107 3582 per
1137 3473 1357 3556 decursum
1386 3476 1483 3555 anni
1514 3471 1684 3572 vicibus,
1714 3477 1793 3552 neo

294 3632 378 3687 non
406 3604 590 3687 diversis
626 3607 673 3685 'in
703 3606 885 3689 ecclesiis
921 3607 1142 3689 conciones
1180 3619 1369 3714 tempore
1399 3604 1685 3713 pomeridiano
1724 3601 1792 3684 vel

293 3740 528 3847 vespertino
549 3736 800 3842 habeantur,
823 3766 960 3845 vquum
990 3750 1094 3821 teste
1114 3740 1367 3847 experientia
1396 3767 1483 3820 non
1503 3738 1638 3821 solum
1657 3736 1793 3847 magis

294 3869 624 3978 frequententur,
655 3870 729 3965 sed
759 3880 801 3950 et
830 3898 916 3951 non
946 3873 1068 3980 pauci
1098 3899 1242 3953 eorum
1272 3872 1477 3972 fidelium,
1515 3870 1587 3979 qui
1617 3868 1720 3951 alias
1748 3867 1792 3948 in

296 4001 502 4083 audiendo
533 4003 674 4084 divino
708 4002 836 4085 verbo
867 4004 1125 4114 negligentes
1164 4015 1282 4105 sunt,
1322 4004 1565 4086 alliciantur.
1627 3998 1793 4110 Oppor-

295 4146 439 4215 tunam
479 4132 681 4216 habendis
720 4133 832 4215 hisce
864 4135 1131 4218 concionibus
1159 4136 1492 4218 extraordinariis
1533 4132 1793 4219 occasionem

295 4267 496 4375 praebent
525 4278 686 4349 sacrata
705 4267 923 4350 Adventus
953 4279 994 4350 et
1020 4270 1200 4351 maxime
1221 4267 1573 4378 Quadragesimae
1593 4277 1792 4373 tempora,
1836 4313 1843 4325 ·

295 4398 445 4508 quibus
466 4401 744 4499 sanctissima,
775 4427 881 4508 quae
901 4402 1148 4501 recoluntur,
1178 4403 1376 4508 mysteria
1406 4411 1449 4481 et
1470 4400 1669 4510 dogmata
1697 4394 1793 4478 fidei

295 4560 541 4641 morumque
571 4560 681 4614 nexu
710 4535 976 4642 systematico
1006 4561 1162 4645 magno
1202 4537 1298 4616 curn
1326 4533 1462 4616 fructu
1492 4531 1644 4640 exponi
1673 4539 1793 4639 pote·

298 4675 405 4746 runt.
438 4663 570 4747 Simili
600 4665 725 4746 modo
760 4691 902 4748 mense
932 4665 1056 4776 Maj0,
1073 4666 1215 4748 cultui
1245 4666 1302 4747 B(
1323 4663 1487 4776 Virgini
1507 4661 1664 4746 Mariae
1693 4687 1792 4769 prae

298 4798 443 4878 ceteris
468 4797 618 4896 dicato,
649 4797 823 4907 singulis
850 4798 996 4885 diebus
1026 4797 1191 4881 devotio
1212 4799 1448 4907 vespertina
1467 4796 1655 4894 occurrit,
1686 4821 1793 4904 quae

302 4983 367 5122 ἶ)
391 5041 441 5104 De
465 5040 548 5104 doct.
571 5039 680 5104 christ
703 5039 758 5103 lib.
781 5041 810 5105 2.
832 5063 903 5127 cap.
926 5043 976 5108 42.

343 5146 371 5231 ⁴)
394 5147 480 5215 Sess.
502 5147 541 5212 V.
566 5146 607 5211 de
628 5146 700 5211 Res.
723 5168 793 5240 cap.
816 5148 845 5212 2.
