<?xml version="1.0" encoding="UTF-8"?>
<!DOCTYPE html PUBLIC "-//W3C//DTD XHTML 1.0 Transitional//EN"
    "http://www.w3.org/TR/xhtml1/DTD/xhtml1-transitional.dtd">
<html xmlns="http://www.w3.org/1999/xhtml" xml:lang="en" lang="en">
 <head>
  <title>
</title>
<meta http-equiv="Content-Type" content="text/html;charset=utf-8" />
  <meta name='ocr-system' content='tesseract 3.04.00' />
  <meta name='ocr-capabilities' content='ocr_page ocr_carea ocr_par ocr_line ocrx_word'/>
</head>
<body>
  <div class='ocr_page' id='page_1' title='image "actaetdecretaco00schwgoog_0119.png"; bbox 0 0 3960 5956; ppageno 0'>
   <div class='ocr_carea' id='block_1_1' title="bbox 293 290 491 356">
    <p class='ocr_par' dir='ltr' id='par_1_1' title="bbox 293 290 491 356">
     <span class='ocr_line' id='line_1_1' title="bbox 293 290 491 356; baseline 0.01 -2"><span class='ocrx_word' id='word_1_1' title='bbox 293 290 491 356; x_wconf 55' lang='lat'><strong>52*</strong></span> 
     </span>
    </p>
   </div>
   <div class='ocr_carea' id='block_1_2' title="bbox 293 473 1877 1000">
    <p class='ocr_par' dir='ltr' id='par_1_2' title="bbox 293 473 1877 1000">
     <span class='ocr_line' id='line_1_2' title="bbox 294 473 1790 607; baseline 0.001 -33"><span class='ocrx_word' id='word_1_2' title='bbox 294 500 407 577; x_wconf 84' lang='lat' dir='ltr'><strong>tenta</strong></span> <span class='ocrx_word' id='word_1_3' title='bbox 436 493 490 577; x_wconf 89' lang='lat' dir='ltr'><strong>ab</strong></span> <span class='ocrx_word' id='word_1_4' title='bbox 521 493 747 580; x_wconf 82' lang='lat' dir='ltr'><strong>Ordinariis</strong></span> <span class='ocrx_word' id='word_1_5' title='bbox 777 496 961 579; x_wconf 90' lang='lat' dir='ltr'><strong>locorum</strong></span> <span class='ocrx_word' id='word_1_6' title='bbox 990 496 1155 579; x_wconf 90' lang='lat' dir='ltr'><strong>licentia</strong></span> <span class='ocrx_word' id='word_1_7' title='bbox 1184 484 1296 607; x_wconf 87' lang='lat' dir='ltr'><strong>typis</strong></span> <span class='ocrx_word' id='word_1_8' title='bbox 1335 473 1533 577; x_wconf 84' lang='lat' dir='ltr'><strong>excudere</strong></span> <span class='ocrx_word' id='word_1_9' title='bbox 1572 503 1644 576; x_wconf 86' lang='lat' dir='ltr'><strong>aut</strong></span> <span class='ocrx_word' id='word_1_10' title='bbox 1673 491 1790 575; x_wconf 85' lang='lat' dir='ltr'><strong>evul-</strong></span> 
     </span>
     <span class='ocr_line' id='line_1_3' title="bbox 293 606 1877 738; baseline 0.003 -30"><span class='ocrx_word' id='word_1_11' title='bbox 293 631 402 737; x_wconf 80' lang='lat' dir='ltr'><strong>gare,</strong></span> <span class='ocrx_word' id='word_1_12' title='bbox 430 627 755 717; x_wconf 79' lang='lat' dir='ltr'><strong>Constitutiones</strong></span> <span class='ocrx_word' id='word_1_13' title='bbox 775 606 1015 711; x_wconf 76' lang='lat' dir='ltr'><strong>Pontificiae</strong></span> <span class='ocrx_word' id='word_1_14' title='bbox 1035 629 1251 711; x_wconf 73' lang='lat' dir='ltr'><strong>districtim</strong></span> <span class='ocrx_word' id='word_1_15' title='bbox 1271 626 1500 738; x_wconf 77' lang='lat' dir='ltr'><strong>prohibent,</strong></span> <span class='ocrx_word' id='word_1_16' title='bbox 1527 654 1789 735; x_wconf 47' lang='lat' dir='ltr'><strong>,quorumque</strong></span> <span class='ocrx_word' id='word_1_17' title='bbox 1869 698 1877 713; x_wconf 95' lang='lat'><em>.</em></span> 
     </span>
     <span class='ocr_line' id='line_1_4' title="bbox 293 757 1789 869; baseline -0.001 -28"><span class='ocrx_word' id='word_1_18' title='bbox 293 759 465 869; x_wconf 85' lang='lat' dir='ltr'><strong>proinde</strong></span> <span class='ocrx_word' id='word_1_19' title='bbox 493 788 626 858; x_wconf 89' lang='lat' dir='ltr'><strong>usum,</strong></span> <span class='ocrx_word' id='word_1_20' title='bbox 655 760 700 840; x_wconf 93' lang='lat' dir='ltr'><strong>in</strong></span> <span class='ocrx_word' id='word_1_21' title='bbox 730 757 865 844; x_wconf 85' lang='lat' dir='ltr'><strong>Sacris</strong></span> <span class='ocrx_word' id='word_1_22' title='bbox 894 760 1091 846; x_wconf 79' lang='lat' dir='ltr'><strong>faciendis</strong></span> <span class='ocrx_word' id='word_1_23' title='bbox 1120 760 1382 848; x_wconf 73' lang='lat' dir='ltr'><strong>interdicutm</strong></span> <span class='ocrx_word' id='word_1_24' title='bbox 1412 787 1511 858; x_wconf 89' lang='lat' dir='ltr'><strong>esse,</strong></span> <span class='ocrx_word' id='word_1_25' title='bbox 1550 786 1696 842; x_wconf 87' lang='lat' dir='ltr'><strong>omnes</strong></span> <span class='ocrx_word' id='word_1_26' title='bbox 1733 757 1789 839; x_wconf 88' lang='lat' dir='ltr'><strong>ad</strong></span> 
     </span>
     <span class='ocr_line' id='line_1_5' title="bbox 294 888 969 1000; baseline -0.006 -25"><span class='ocrx_word' id='word_1_27' title='bbox 294 917 399 998; x_wconf 92' lang='lat' dir='ltr'><strong>quos</strong></span> <span class='ocrx_word' id='word_1_28' title='bbox 430 891 615 1000; x_wconf 86' lang='lat' dir='ltr'><strong>pertinet,</strong></span> <span class='ocrx_word' id='word_1_29' title='bbox 646 893 918 974; x_wconf 83' lang='lat' dir='ltr'><strong>meminerint.</strong></span> <span class='ocrx_word' id='word_1_30' title='bbox 936 888 969 971; x_wconf 77' lang='grc'><strong>2)</strong></span> 
     </span>
    </p>
   </div>
   <div class='ocr_carea' id='block_1_3' title="bbox 703 1155 1175 1356">
    <p class='ocr_par' dir='ltr' id='par_1_3' title="bbox 703 1155 1175 1356">
     <span class='ocr_line' id='line_1_6' title="bbox 703 1155 1175 1356; baseline 0 -55"><span class='ocrx_word' id='word_1_31' title='bbox 703 1338 708 1356; x_wconf 22' lang='grc' dir='ltr'><em>ι</em></span> <span class='ocrx_word' id='word_1_32' title='bbox 854 1155 858 1167; x_wconf 62' lang='grc'><strong>’</strong></span> <span class='ocrx_word' id='word_1_33' title='bbox 903 1217 1096 1302; x_wconf 71' lang='lat' dir='ltr'><strong>creor</strong></span> <span class='ocrx_word' id='word_1_34' title='bbox 1125 1219 1175 1302; x_wconf 81' lang='lat' dir='ltr'><strong>v.</strong></span> 
     </span>
    </p>
   </div>
   <div class='ocr_carea' id='block_1_4' title="bbox 640 1438 1447 1565">
    <p class='ocr_par' dir='ltr' id='par_1_4' title="bbox 640 1438 1447 1565">
     <span class='ocr_line' id='line_1_7' title="bbox 640 1438 1447 1565; baseline 0.001 -46"><span class='ocrx_word' id='word_1_35' title='bbox 640 1439 712 1519; x_wconf 90' lang='lat' dir='ltr'><strong>De</strong></span> <span class='ocrx_word' id='word_1_36' title='bbox 740 1438 1088 1565; x_wconf 79' lang='lat' dir='ltr'><strong>praedicatione</strong></span> <span class='ocrx_word' id='word_1_37' title='bbox 1119 1439 1255 1520; x_wconf 87' lang='lat' dir='ltr'><strong>verbi</strong></span> <span class='ocrx_word' id='word_1_38' title='bbox 1284 1438 1447 1521; x_wconf 80' lang='lat' dir='ltr'><strong>divini.</strong></span> 
     </span>
    </p>
   </div>
   <div class='ocr_carea' id='block_1_5' title="bbox 220 1671 1795 3274">
    <p class='ocr_par' dir='ltr' id='par_1_5' title="bbox 220 1671 1795 2991">
     <span class='ocr_line' id='line_1_8' title="bbox 414 1671 1791 1795; baseline -0.002 -28"><span class='ocrx_word' id='word_1_39' title='bbox 414 1684 609 1768; x_wconf 85' lang='lat' dir='ltr'><strong>Libenter</strong></span> <span class='ocrx_word' id='word_1_40' title='bbox 637 1671 679 1768; x_wconf 90' lang='lat' dir='ltr'><strong>et</strong></span> <span class='ocrx_word' id='word_1_41' title='bbox 707 1713 803 1769; x_wconf 90' lang='lat' dir='ltr'><strong>cum</strong></span> <span class='ocrx_word' id='word_1_42' title='bbox 832 1685 1057 1795; x_wconf 80' lang='lat' dir='ltr'><strong>gratiarum</strong></span> <span class='ocrx_word' id='word_1_43' title='bbox 1086 1683 1248 1765; x_wconf 89' lang='lat' dir='ltr'><strong>actione</strong></span> <span class='ocrx_word' id='word_1_44' title='bbox 1277 1682 1494 1764; x_wconf 89' lang='lat' dir='ltr'><strong>confitetur</strong></span> <span class='ocrx_word' id='word_1_45' title='bbox 1521 1680 1625 1766; x_wconf 88' lang='lat' dir='ltr'><strong>haec</strong></span> <span class='ocrx_word' id='word_1_46' title='bbox 1654 1679 1791 1790; x_wconf 88' lang='lat' dir='ltr'><strong>Syno-</strong></span> 
     </span>
     <span class='ocr_line' id='line_1_9' title="bbox 298 1803 1790 1927; baseline 0.003 -28"><span class='ocrx_word' id='word_1_47' title='bbox 298 1817 394 1917; x_wconf 87' lang='lat' dir='ltr'><strong>dus,</strong></span> <span class='ocrx_word' id='word_1_48' title='bbox 435 1819 592 1902; x_wconf 81' lang='lat' dir='ltr'><strong>tristem</strong></span> <span class='ocrx_word' id='word_1_49' title='bbox 629 1818 744 1900; x_wconf 91' lang='lat' dir='ltr'><strong>illam</strong></span> <span class='ocrx_word' id='word_1_50' title='bbox 774 1818 1076 1926; x_wconf 80' lang='lat' dir='ltr'><strong>experientimn,</strong></span> <span class='ocrx_word' id='word_1_51' title='bbox 1118 1845 1244 1925; x_wconf 89' lang='lat' dir='ltr'><strong>quam</strong></span> <span class='ocrx_word' id='word_1_52' title='bbox 1273 1803 1366 1899; x_wconf 90' lang='lat' dir='ltr'><strong>libri</strong></span> <span class='ocrx_word' id='word_1_53' title='bbox 1392 1815 1558 1927; x_wconf 81' lang='lat' dir='ltr'><strong>Regum</strong></span> <span class='ocrx_word' id='word_1_54' title='bbox 1602 1816 1790 1915; x_wconf 82' lang='lat' dir='ltr'><strong>refeumt,</strong></span> 
     </span>
     <span class='ocr_line' id='line_1_10' title="bbox 297 1945 1792 2059; baseline -0.002 -27"><span class='ocrx_word' id='word_1_55' title='bbox 297 1949 453 2032; x_wconf 89' lang='lat' dir='ltr'><strong>scilicet</strong></span> <span class='ocrx_word' id='word_1_56' title='bbox 496 1978 728 2034; x_wconf 89' lang='lat' dir='ltr'><strong>sermonem</strong></span> <span class='ocrx_word' id='word_1_57' title='bbox 768 1949 939 2037; x_wconf 90' lang='lat' dir='ltr'><strong>Domini</strong></span> <span class='ocrx_word' id='word_1_58' title='bbox 978 1949 1102 2032; x_wconf 82' lang='lat' dir='ltr'><strong>fuisse</strong></span> <span class='ocrx_word' id='word_1_59' title='bbox 1135 1951 1367 2059; x_wconf 88' lang='lat' dir='ltr'><strong>pretiosum</strong></span> <span class='ocrx_word' id='word_1_60' title='bbox 1402 1950 1447 2031; x_wconf 94' lang='lat' dir='ltr'><strong>in</strong></span> <span class='ocrx_word' id='word_1_61' title='bbox 1476 1948 1622 2035; x_wconf 91' lang='lat' dir='ltr'><strong>diebus</strong></span> <span class='ocrx_word' id='word_1_62' title='bbox 1650 1950 1742 2050; x_wconf 87' lang='lat' dir='ltr'><strong>illis,</strong></span> <span class='ocrx_word' id='word_1_63' title='bbox 1760 1945 1792 2029; x_wconf 84' lang='lat'><strong>1)</strong></span> 
     </span>
     <span class='ocr_line' id='line_1_11' title="bbox 296 2074 1792 2192; baseline -0.001 -27"><span class='ocrx_word' id='word_1_64' title='bbox 296 2082 341 2165; x_wconf 93' lang='lat' dir='ltr'><strong>in</strong></span> <span class='ocrx_word' id='word_1_65' title='bbox 370 2074 450 2164; x_wconf 82' lang='lat' dir='ltr'><strong>hac</strong></span> <span class='ocrx_word' id='word_1_66' title='bbox 478 2083 691 2192; x_wconf 89' lang='lat' dir='ltr'><strong>provincia</strong></span> <span class='ocrx_word' id='word_1_67' title='bbox 719 2082 859 2164; x_wconf 93' lang='lat' dir='ltr'><strong>locum</strong></span> <span class='ocrx_word' id='word_1_68' title='bbox 887 2110 973 2163; x_wconf 93' lang='lat' dir='ltr'><strong>non</strong></span> <span class='ocrx_word' id='word_1_69' title='bbox 1002 2080 1163 2186; x_wconf 85' lang='lat' dir='ltr'><strong>habere,</strong></span> <span class='ocrx_word' id='word_1_70' title='bbox 1195 2110 1291 2164; x_wconf 92' lang='lat' dir='ltr'><strong>cum</strong></span> <span class='ocrx_word' id='word_1_71' title='bbox 1320 2083 1474 2190; x_wconf 87' lang='lat' dir='ltr'><strong>quippe</strong></span> <span class='ocrx_word' id='word_1_72' title='bbox 1489 2080 1686 2180; x_wconf 27' lang='lat' dir='ltr'><strong>,fidelibus</strong></span> <span class='ocrx_word' id='word_1_73' title='bbox 1714 2110 1792 2163; x_wconf 94' lang='lat' dir='ltr'><strong>no-</strong></span> 
     </span>
     <span class='ocr_line' id='line_1_12' title="bbox 296 2213 1791 2324; baseline -0.001 -26"><span class='ocrx_word' id='word_1_74' title='bbox 296 2215 391 2298; x_wconf 87' lang='lat' dir='ltr'><strong>stris</strong></span> <span class='ocrx_word' id='word_1_75' title='bbox 420 2223 485 2297; x_wconf 87' lang='lat' dir='ltr'><strong>sat</strong></span> <span class='ocrx_word' id='word_1_76' title='bbox 513 2214 704 2324; x_wconf 83' lang='lat' dir='ltr'><strong>frequens</strong></span> <span class='ocrx_word' id='word_1_77' title='bbox 739 2213 912 2301; x_wconf 89' lang='lat' dir='ltr'><strong>verbum</strong></span> <span class='ocrx_word' id='word_1_78' title='bbox 939 2215 1125 2296; x_wconf 91' lang='lat' dir='ltr'><strong>divinum</strong></span> <span class='ocrx_word' id='word_1_79' title='bbox 1142 2213 1336 2296; x_wconf 86' lang='lat' dir='ltr'><strong>audiendi</strong></span> <span class='ocrx_word' id='word_1_80' title='bbox 1356 2214 1517 2298; x_wconf 85' lang='lat' dir='ltr'><strong>occasio</strong></span> <span class='ocrx_word' id='word_1_81' title='bbox 1538 2213 1791 2324; x_wconf 80' lang='lat' dir='ltr'><strong>praebeatur.</strong></span> 
     </span>
     <span class='ocr_line' id='line_1_13' title="bbox 298 2344 1794 2457; baseline -0.002 -25"><span class='ocrx_word' id='word_1_82' title='bbox 298 2344 539 2457; x_wconf 88' lang='lat' dir='ltr'><strong>Optandum</strong></span> <span class='ocrx_word' id='word_1_83' title='bbox 579 2347 840 2431; x_wconf 89' lang='lat' dir='ltr'><strong>solummodo</strong></span> <span class='ocrx_word' id='word_1_84' title='bbox 881 2366 922 2430; x_wconf 90' lang='lat' dir='ltr'><strong>et</strong></span> <span class='ocrx_word' id='word_1_85' title='bbox 962 2347 1120 2430; x_wconf 89' lang='lat' dir='ltr'><strong>cunctis</strong></span> <span class='ocrx_word' id='word_1_86' title='bbox 1164 2345 1320 2444; x_wconf 73' lang='lat' dir='ltr'><strong>viribus</strong></span> <span class='ocrx_word' id='word_1_87' title='bbox 1364 2346 1702 2447; x_wconf 81' lang='lat' dir='ltr'><strong>adlaborandum,</strong></span> <span class='ocrx_word' id='word_1_88' title='bbox 1737 2357 1794 2429; x_wconf 56' lang='lat' dir='ltr'><strong>&lt;ut</strong></span> 
     </span>
     <span class='ocr_line' id='line_1_14' title="bbox 297 2477 1794 2589; baseline 0.001 -28"><span class='ocrx_word' id='word_1_89' title='bbox 297 2477 575 2589; x_wconf 82' lang='lat' dir='ltr'><strong>Evangelicae</strong></span> <span class='ocrx_word' id='word_1_90' title='bbox 603 2482 786 2563; x_wconf 88' lang='lat' dir='ltr'><strong>veritatis</strong></span> <span class='ocrx_word' id='word_1_91' title='bbox 806 2509 1039 2589; x_wconf 85' lang='lat' dir='ltr'><strong>praecones</strong></span> <span class='ocrx_word' id='word_1_92' title='bbox 1068 2481 1344 2565; x_wconf 90' lang='lat' dir='ltr'><strong>intensissimo</strong></span> <span class='ocrx_word' id='word_1_93' title='bbox 1374 2508 1450 2562; x_wconf 89' lang='lat' dir='ltr'><strong>suo</strong></span> <span class='ocrx_word' id='word_1_94' title='bbox 1476 2479 1613 2562; x_wconf 88' lang='lat' dir='ltr'><strong>studio</strong></span> <span class='ocrx_word' id='word_1_95' title='bbox 1632 2478 1794 2562; x_wconf 89' lang='lat' dir='ltr'><strong>deside-</strong></span> 
     </span>
     <span class='ocr_line' id='line_1_15' title="bbox 297 2609 1794 2724; baseline -0.002 -27"><span class='ocrx_word' id='word_1_96' title='bbox 297 2624 411 2697; x_wconf 89' lang='lat' dir='ltr'><strong>ratos</strong></span> <span class='ocrx_word' id='word_1_97' title='bbox 450 2612 766 2724; x_wconf 85' lang='lat' dir='ltr'><strong>praedicationis</strong></span> <span class='ocrx_word' id='word_1_98' title='bbox 805 2613 960 2700; x_wconf 86' lang='lat' dir='ltr'><strong>fructus</strong></span> <span class='ocrx_word' id='word_1_99' title='bbox 999 2613 1191 2721; x_wconf 81' lang='lat' dir='ltr'><strong>colligere</strong></span> <span class='ocrx_word' id='word_1_100' title='bbox 1230 2617 1473 2695; x_wconf 87' lang='lat' dir='ltr'><strong>mereantur.</strong></span> <span class='ocrx_word' id='word_1_101' title='bbox 1531 2609 1629 2714; x_wconf 73' lang='lat' dir='ltr'><strong>Quo</strong></span> <span class='ocrx_word' id='word_1_102' title='bbox 1658 2613 1794 2724; x_wconf 82' lang='lat' dir='ltr'><strong>magis</strong></span> 
     </span>
     <span class='ocr_line' id='line_1_16' title="bbox 297 2745 1794 2855; baseline 0 -27"><span class='ocrx_word' id='word_1_103' title='bbox 297 2746 436 2855; x_wconf 84' lang='lat' dir='ltr'><strong>itaque</strong></span> <span class='ocrx_word' id='word_1_104' title='bbox 466 2746 608 2828; x_wconf 89' lang='lat' dir='ltr'><strong>fideles</strong></span> <span class='ocrx_word' id='word_1_105' title='bbox 637 2746 856 2828; x_wconf 86' lang='lat' dir='ltr'><strong>conciones</strong></span> <span class='ocrx_word' id='word_1_106' title='bbox 886 2774 1023 2831; x_wconf 86' lang='lat' dir='ltr'><strong>sacras</strong></span> <span class='ocrx_word' id='word_1_107' title='bbox 1053 2747 1185 2834; x_wconf 89' lang='lat' dir='ltr'><strong>avidis</strong></span> <span class='ocrx_word' id='word_1_108' title='bbox 1215 2747 1382 2840; x_wconf 87' lang='lat' dir='ltr'><strong>auribus</strong></span> <span class='ocrx_word' id='word_1_109' title='bbox 1412 2747 1628 2855; x_wconf 83' lang='lat' dir='ltr'><strong>excipiant,</strong></span> <span class='ocrx_word' id='word_1_110' title='bbox 1659 2745 1794 2829; x_wconf 89' lang='lat' dir='ltr'><strong>cordi·</strong></span> 
     </span>
     <span class='ocr_line' id='line_1_17' title="bbox 220 2877 1795 2991; baseline 0 -30"><span class='ocrx_word' id='word_1_111' title='bbox 220 2986 221 2990; x_wconf 30' lang='lat'><strong>,</strong></span> <span class='ocrx_word' id='word_1_112' title='bbox 273 2877 459 2991; x_wconf 41' lang='lat' dir='ltr'><strong>xbusque</strong></span> <span class='ocrx_word' id='word_1_113' title='bbox 488 2878 630 2971; x_wconf 87' lang='lat' dir='ltr'><strong>audita</strong></span> <span class='ocrx_word' id='word_1_114' title='bbox 658 2879 870 2978; x_wconf 86' lang='lat' dir='ltr'><strong>retineant,</strong></span> <span class='ocrx_word' id='word_1_115' title='bbox 900 2890 941 2960; x_wconf 89' lang='lat' dir='ltr'><strong>et</strong></span> <span class='ocrx_word' id='word_1_116' title='bbox 970 2891 1017 2962; x_wconf 94' lang='lat' dir='ltr'><strong>ut</strong></span> <span class='ocrx_word' id='word_1_117' title='bbox 1045 2881 1173 2990; x_wconf 88' lang='lat' dir='ltr'><strong>tepidi</strong></span> <span class='ocrx_word' id='word_1_118' title='bbox 1203 2902 1382 2988; x_wconf 55' lang='lat' dir='ltr'><strong>quoque*</strong></span> <span class='ocrx_word' id='word_1_119' title='bbox 1402 2908 1453 2961; x_wconf 90' lang='lat' dir='ltr'><strong>ac</strong></span> <span class='ocrx_word' id='word_1_120' title='bbox 1481 2879 1673 2963; x_wconf 86' lang='lat' dir='ltr'><strong>socordes</strong></span> <span class='ocrx_word' id='word_1_121' title='bbox 1701 2879 1795 2961; x_wconf 91' lang='lat' dir='ltr'><strong>alli-</strong></span> 
     </span>
    </p>

    <p class='ocr_par' dir='ltr' id='par_1_6' title="bbox 277 3010 1793 3274">
     <span class='ocr_line' id='line_1_18' title="bbox 277 3010 1793 3121; baseline 0 -27"><span class='ocrx_word' id='word_1_122' title='bbox 277 3011 478 3114; x_wconf 80' lang='lat' dir='ltr'><strong>ciantur:</strong></span> <span class='ocrx_word' id='word_1_123' title='bbox 523 3010 637 3096; x_wconf 92' lang='lat' dir='ltr'><strong>verbi</strong></span> <span class='ocrx_word' id='word_1_124' title='bbox 677 3010 886 3114; x_wconf 87' lang='lat' dir='ltr'><strong>Dominici</strong></span> <span class='ocrx_word' id='word_1_125' title='bbox 916 3012 1265 3121; x_wconf 88' lang='lat' dir='ltr'><strong>dispensatoribus</strong></span> <span class='ocrx_word' id='word_1_126' title='bbox 1302 3013 1552 3121; x_wconf 85' lang='lat' dir='ltr'><strong>praesertim,</strong></span> <span class='ocrx_word' id='word_1_127' title='bbox 1590 3039 1697 3120; x_wconf 87' lang='lat' dir='ltr'><strong>quae</strong></span> <span class='ocrx_word' id='word_1_128' title='bbox 1726 3039 1793 3094; x_wconf 90' lang='lat' dir='ltr'><strong>se·</strong></span> 
     </span>
     <span class='ocr_line' id='line_1_19' title="bbox 299 3125 1129 3274; baseline -0.004 -47"><span class='ocrx_word' id='word_1_129' title='bbox 299 3154 493 3274; x_wconf 76' lang='lat' dir='ltr'><strong>qquntur,</strong></span> <span class='ocrx_word' id='word_1_130' title='bbox 523 3143 567 3225; x_wconf 93' lang='lat' dir='ltr'><strong>in</strong></span> <span class='ocrx_word' id='word_1_131' title='bbox 597 3125 849 3225; x_wconf 83' lang='lat' dir='ltr'><strong>memoriam</strong></span> <span class='ocrx_word' id='word_1_132' title='bbox 869 3128 1129 3226; x_wconf 85' lang='lat' dir='ltr'><strong>revocamus:</strong></span> 
     </span>
    </p>
   </div>
   <div class='ocr_carea' id='block_1_6' title="bbox 260 3324 1889 4497">
    <p class='ocr_par' dir='ltr' id='par_1_7' title="bbox 299 3324 1831 3702">
     <span class='ocr_line' id='line_1_20' title="bbox 378 3324 1795 3436; baseline 0.001 -30"><span class='ocrx_word' id='word_1_133' title='bbox 378 3324 597 3434; x_wconf 73' lang='lat' dir='ltr'><strong>,imprimis</strong></span> <span class='ocrx_word' id='word_1_134' title='bbox 622 3351 764 3406; x_wconf 89' lang='lat' dir='ltr'><strong>curam</strong></span> <span class='ocrx_word' id='word_1_135' title='bbox 788 3338 949 3434; x_wconf 82' lang='lat' dir='ltr'><strong>gerant,</strong></span> <span class='ocrx_word' id='word_1_136' title='bbox 970 3336 1017 3407; x_wconf 93' lang='lat' dir='ltr'><strong>ut</strong></span> <span class='ocrx_word' id='word_1_137' title='bbox 1041 3328 1237 3435; x_wconf 89' lang='lat' dir='ltr'><strong>temporis</strong></span> <span class='ocrx_word' id='word_1_138' title='bbox 1268 3328 1442 3410; x_wconf 89' lang='lat' dir='ltr'><strong>decursu</strong></span> <span class='ocrx_word' id='word_1_139' title='bbox 1463 3326 1665 3436; x_wconf 92' lang='lat' dir='ltr'><strong>populum</strong></span> <span class='ocrx_word' id='word_1_140' title='bbox 1687 3325 1795 3408; x_wconf 85' lang='lat' dir='ltr'><strong>chn‘-</strong></span> 
     </span>
     <span class='ocr_line' id='line_1_21' title="bbox 299 3456 1831 3568; baseline -0.001 -27"><span class='ocrx_word' id='word_1_141' title='bbox 299 3458 480 3541; x_wconf 88' lang='lat' dir='ltr'><strong>stianum</strong></span> <span class='ocrx_word' id='word_1_142' title='bbox 519 3458 570 3539; x_wconf 92' lang='lat' dir='ltr'><strong>de</strong></span> <span class='ocrx_word' id='word_1_143' title='bbox 610 3456 803 3541; x_wconf 89' lang='lat' dir='ltr'><strong>omnibus</strong></span> <span class='ocrx_word' id='word_1_144' title='bbox 839 3458 1094 3568; x_wconf 76' lang='lat' dir='ltr'><strong>singulisque</strong></span> <span class='ocrx_word' id='word_1_145' title='bbox 1133 3458 1229 3541; x_wconf 91' lang='lat' dir='ltr'><strong>fidei</strong></span> <span class='ocrx_word' id='word_1_146' title='bbox 1267 3459 1473 3568; x_wconf 87' lang='lat' dir='ltr'><strong>mysteriis</strong></span> <span class='ocrx_word' id='word_1_147' title='bbox 1512 3470 1560 3542; x_wconf 91' lang='lat' dir='ltr'><strong>et</strong></span> <span class='ocrx_word' id='word_1_148' title='bbox 1588 3457 1831 3541; x_wconf 86' lang='lat' dir='ltr'><strong>mandalis¹</strong></span> 
     </span>
     <span class='ocr_line' id='line_1_22' title="bbox 300 3580 1798 3702; baseline 0.001 -29"><span class='ocrx_word' id='word_1_149' title='bbox 300 3591 450 3673; x_wconf 89' lang='lat' dir='ltr'><strong>divinis</strong></span> <span class='ocrx_word' id='word_1_150' title='bbox 488 3591 714 3673; x_wconf 88' lang='lat' dir='ltr'><strong>instituant.</strong></span> <span class='ocrx_word' id='word_1_151' title='bbox 754 3588 888 3690; x_wconf 82' lang='lat' dir='ltr'><strong>Quem</strong></span> <span class='ocrx_word' id='word_1_152' title='bbox 917 3593 961 3672; x_wconf 91' lang='lat' dir='ltr'><strong>in</strong></span> <span class='ocrx_word' id='word_1_153' title='bbox 984 3592 1109 3674; x_wconf 91' lang='lat' dir='ltr'><strong>finem</strong></span> <span class='ocrx_word' id='word_1_154' title='bbox 1134 3594 1325 3676; x_wconf 88' lang='lat' dir='ltr'><strong>veritates</strong></span> <span class='ocrx_word' id='word_1_155' title='bbox 1350 3593 1591 3677; x_wconf 85' lang='lat' dir='ltr'><strong>christianas</strong></span> <span class='ocrx_word' id='word_1_156' title='bbox 1609 3580 1798 3702; x_wconf 82' lang='lat' dir='ltr'><strong>respectd</strong></span> 
     </span>
    </p>

    <p class='ocr_par' dir='ltr' id='par_1_8' title="bbox 260 3709 1889 4497">
     <span class='ocr_line' id='line_1_23' title="bbox 260 3709 1794 3833; baseline -0.001 -28"><span class='ocrx_word' id='word_1_157' title='bbox 260 3709 262 3713; x_wconf 34' lang='lat'>⁵</span> <span class='ocrx_word' id='word_1_158' title='bbox 299 3722 442 3823; x_wconf 89' lang='lat' dir='ltr'><strong>habito</strong></span> <span class='ocrx_word' id='word_1_159' title='bbox 472 3724 570 3805; x_wconf 90' lang='lat' dir='ltr'><strong>anni</strong></span> <span class='ocrx_word' id='word_1_160' title='bbox 600 3723 865 3808; x_wconf 86' lang='lat' dir='ltr'><strong>ecclesiastici</strong></span> <span class='ocrx_word' id='word_1_161' title='bbox 891 3726 952 3806; x_wconf 86' lang='lat' dir='ltr'><strong>ita</strong></span> <span class='ocrx_word' id='word_1_162' title='bbox 971 3725 1138 3832; x_wconf 90' lang='lat' dir='ltr'><strong>quidem</strong></span> <span class='ocrx_word' id='word_1_163' title='bbox 1159 3734 1344 3825; x_wconf 81' lang='lat' dir='ltr'><strong>tractent,</strong></span> <span class='ocrx_word' id='word_1_164' title='bbox 1374 3734 1421 3805; x_wconf 92' lang='lat' dir='ltr'><strong>ut</strong></span> <span class='ocrx_word' id='word_1_165' title='bbox 1441 3725 1683 3833; x_wconf 86' lang='lat' dir='ltr'><strong>mysterium</strong></span> <span class='ocrx_word' id='word_1_166' title='bbox 1703 3722 1794 3823; x_wconf 91' lang='lat' dir='ltr'><strong>diei,</strong></span> 
     </span>
     <span class='ocr_line' id='line_1_24' title="bbox 301 3853 1843 3968; baseline 0 -31"><span class='ocrx_word' id='word_1_167' title='bbox 301 3855 424 3964; x_wconf 90' lang='lat' dir='ltr'><strong>quod</strong></span> <span class='ocrx_word' id='word_1_168' title='bbox 443 3853 681 3956; x_wconf 87' lang='lat' dir='ltr'><strong>celebratur,</strong></span> <span class='ocrx_word' id='word_1_169' title='bbox 711 3856 902 3939; x_wconf 90' lang='lat' dir='ltr'><strong>fidelibus</strong></span> <span class='ocrx_word' id='word_1_170' title='bbox 922 3867 1151 3966; x_wconf 86' lang='lat' dir='ltr'><strong>exponant,</strong></span> <span class='ocrx_word' id='word_1_171' title='bbox 1182 3860 1448 3968; x_wconf 86' lang='lat' dir='ltr'><strong>pericopasve</strong></span> <span class='ocrx_word' id='word_1_172' title='bbox 1486 3856 1612 3940; x_wconf 93' lang='lat' dir='ltr'><strong>modo</strong></span> <span class='ocrx_word' id='word_1_173' title='bbox 1642 3856 1796 3965; x_wconf 85' lang='lat' dir='ltr'><strong>episto·</strong></span> <span class='ocrx_word' id='word_1_174' title='bbox 1838 3947 1843 3956; x_wconf 25' lang='lat'><strong>¹</strong></span> 
     </span>
     <span class='ocr_line' id='line_1_25' title="bbox 300 3987 1795 4099; baseline 0.001 -29"><span class='ocrx_word' id='word_1_175' title='bbox 300 3987 417 4087; x_wconf 87' lang='lat' dir='ltr'><strong>lares,</strong></span> <span class='ocrx_word' id='word_1_176' title='bbox 438 3988 565 4069; x_wconf 92' lang='lat' dir='ltr'><strong>modo</strong></span> <span class='ocrx_word' id='word_1_177' title='bbox 585 3987 856 4098; x_wconf 86' lang='lat' dir='ltr'><strong>evangelicas,</strong></span> <span class='ocrx_word' id='word_1_178' title='bbox 888 4017 994 4097; x_wconf 90' lang='lat' dir='ltr'><strong>quae</strong></span> <span class='ocrx_word' id='word_1_179' title='bbox 1023 3990 1066 4071; x_wconf 95' lang='lat' dir='ltr'><strong>in</strong></span> <span class='ocrx_word' id='word_1_180' title='bbox 1086 3990 1215 4079; x_wconf 84' lang='lat' dir='ltr'><strong>Missa</strong></span> <span class='ocrx_word' id='word_1_181' title='bbox 1236 3990 1439 4099; x_wconf 79' lang='lat' dir='ltr'><strong>legrmtur,</strong></span> <span class='ocrx_word' id='word_1_182' title='bbox 1470 3990 1597 4073; x_wconf 89' lang='lat' dir='ltr'><strong>duces</strong></span> <span class='ocrx_word' id='word_1_183' title='bbox 1615 4016 1795 4097; x_wconf 86' lang='lat' dir='ltr'><strong>sequan-</strong></span> 
     </span>
     <span class='ocr_line' id='line_1_26' title="bbox 301 4120 1796 4231; baseline -0.001 -27"><span class='ocrx_word' id='word_1_184' title='bbox 301 4130 387 4225; x_wconf 87' lang='lat' dir='ltr'><strong>tur;</strong></span> <span class='ocrx_word' id='word_1_185' title='bbox 417 4120 542 4203; x_wconf 90' lang='lat' dir='ltr'><strong>simul</strong></span> <span class='ocrx_word' id='word_1_186' title='bbox 571 4148 680 4221; x_wconf 89' lang='lat' dir='ltr'><strong>ver0,</strong></span> <span class='ocrx_word' id='word_1_187' title='bbox 711 4131 913 4229; x_wconf 88' lang='lat' dir='ltr'><strong>quantum</strong></span> <span class='ocrx_word' id='word_1_188' title='bbox 942 4120 1030 4204; x_wconf 90' lang='lat' dir='ltr'><strong>fieri</strong></span> <span class='ocrx_word' id='word_1_189' title='bbox 1043 4133 1190 4231; x_wconf 91' lang='lat' dir='ltr'><strong>potest,</strong></span> <span class='ocrx_word' id='word_1_190' title='bbox 1221 4123 1275 4205; x_wconf 88' lang='lat' dir='ltr'><strong>ad</strong></span> <span class='ocrx_word' id='word_1_191' title='bbox 1296 4120 1605 4206; x_wconf 78' lang='lat' dir='ltr'><strong>Catechismum</strong></span> <span class='ocrx_word' id='word_1_192' title='bbox 1634 4121 1796 4203; x_wconf 88' lang='lat' dir='ltr'><strong>diocoe-</strong></span> 
     </span>
     <span class='ocr_line' id='line_1_27' title="bbox 300 4243 1797 4363; baseline 0 -27"><span class='ocrx_word' id='word_1_193' title='bbox 300 4280 449 4336; x_wconf 84' lang='lat' dir='ltr'><strong>sanum</strong></span> <span class='ocrx_word' id='word_1_194' title='bbox 478 4263 697 4357; x_wconf 84' lang='lat' dir='ltr'><strong>recurrant,</strong></span> <span class='ocrx_word' id='word_1_195' title='bbox 729 4254 816 4361; x_wconf 89' lang='lat' dir='ltr'><strong>ejus</strong></span> <span class='ocrx_word' id='word_1_196' title='bbox 845 4266 982 4361; x_wconf 90' lang='lat' dir='ltr'><strong>partes</strong></span> <span class='ocrx_word' id='word_1_197' title='bbox 1002 4254 1208 4363; x_wconf 88' lang='lat' dir='ltr'><strong>profusius</strong></span> <span class='ocrx_word' id='word_1_198' title='bbox 1232 4243 1512 4363; x_wconf 86' lang='lat' dir='ltr'><strong>explanantes.</strong></span> <span class='ocrx_word' id='word_1_199' title='bbox 1543 4252 1641 4336; x_wconf 91' lang='lat' dir='ltr'><strong>Non</strong></span> <span class='ocrx_word' id='word_1_200' title='bbox 1659 4254 1797 4336; x_wconf 87' lang='lat' dir='ltr'><strong>minus</strong></span> 
     </span>
     <span class='ocr_line' id='line_1_28' title="bbox 301 4385 1889 4497; baseline 0.001 -29"><span class='ocrx_word' id='word_1_201' title='bbox 301 4385 641 4470; x_wconf 86' lang='lat' dir='ltr'><strong>commendamus</strong></span> <span class='ocrx_word' id='word_1_202' title='bbox 670 4386 869 4494; x_wconf 89' lang='lat' dir='ltr'><strong>speciales</strong></span> <span class='ocrx_word' id='word_1_203' title='bbox 889 4388 940 4469; x_wconf 91' lang='lat' dir='ltr'><strong>de</strong></span> <span class='ocrx_word' id='word_1_204' title='bbox 961 4385 1223 4471; x_wconf 84' lang='lat' dir='ltr'><strong>Catechismo</strong></span> <span class='ocrx_word' id='word_1_205' title='bbox 1247 4390 1466 4483; x_wconf 87' lang='lat' dir='ltr'><strong>conciones</strong></span> <span class='ocrx_word' id='word_1_206' title='bbox 1485 4389 1545 4473; x_wconf 89' lang='lat' dir='ltr'><strong>sic</strong></span> <span class='ocrx_word' id='word_1_207' title='bbox 1564 4387 1796 4497; x_wconf 70' lang='lat' dir='ltr'><strong>dispositas</strong></span> <span class='ocrx_word' id='word_1_208' title='bbox 1886 4393 1889 4397; x_wconf 80' lang='grc'><strong>’</strong></span> 
     </span>
    </p>
   </div>
   <div class='ocr_carea' id='block_1_7' title="bbox 346 4680 1796 5198">
    <p class='ocr_par' dir='ltr' id='par_1_9' title="bbox 346 4680 1796 5094">
     <span class='ocr_line' id='line_1_29' title="bbox 346 4680 1795 4768; baseline 0 -20"><span class='ocrx_word' id='word_1_209' title='bbox 346 4682 373 4765; x_wconf 84' lang='lat'><strong>²)</strong></span> <span class='ocrx_word' id='word_1_210' title='bbox 396 4682 497 4748; x_wconf 84' lang='lat' dir='ltr'><strong>Clem.</strong></span> <span class='ocrx_word' id='word_1_211' title='bbox 510 4682 573 4746; x_wconf 90' lang='grc' dir='ltr'><strong>ΡΡ.</strong></span> <span class='ocrx_word' id='word_1_212' title='bbox 588 4682 680 4747; x_wconf 87' lang='lat' dir='ltr'><strong>Vlll.</strong></span> <span class='ocrx_word' id='word_1_213' title='bbox 693 4680 827 4747; x_wconf 79' lang='lat' dir='ltr'><strong>constit.</strong></span> <span class='ocrx_word' id='word_1_214' title='bbox 840 4683 943 4766; x_wconf 85' lang='lat' dir='ltr'><strong>„cum</strong></span> <span class='ocrx_word' id='word_1_215' title='bbox 954 4687 990 4748; x_wconf 91' lang='lat' dir='ltr'><strong>in</strong></span> <span class='ocrx_word' id='word_1_216' title='bbox 1007 4683 1176 4749; x_wconf 84' lang='lat' dir='ltr'><strong>Ecclesia“</strong></span> <span class='ocrx_word' id='word_1_217' title='bbox 1192 4685 1232 4749; x_wconf 92' lang='lat' dir='ltr'><strong>de</strong></span> <span class='ocrx_word' id='word_1_218' title='bbox 1248 4684 1299 4749; x_wconf 89' lang='lat' dir='ltr'><strong>die</strong></span> <span class='ocrx_word' id='word_1_219' title='bbox 1317 4685 1365 4749; x_wconf 88' lang='grc'><strong>10.</strong></span> <span class='ocrx_word' id='word_1_220' title='bbox 1380 4683 1461 4768; x_wconf 81' lang='lat' dir='ltr'><strong>Maji</strong></span> <span class='ocrx_word' id='word_1_221' title='bbox 1478 4682 1572 4765; x_wconf 79' lang='lat'>16023</span> <span class='ocrx_word' id='word_1_222' title='bbox 1584 4682 1698 4767; x_wconf 81' lang='lat' dir='ltr'><strong>Ejuad.</strong></span> <span class='ocrx_word' id='word_1_223' title='bbox 1713 4683 1795 4748; x_wconf 90' lang='lat' dir='ltr'><strong>Pon·</strong></span> 
     </span>
     <span class='ocr_line' id='line_1_30' title="bbox 399 4786 1796 4872; baseline 0 -17"><span class='ocrx_word' id='word_1_224' title='bbox 399 4790 445 4855; x_wconf 81' lang='lat' dir='ltr'><strong>tis.</strong></span> <span class='ocrx_word' id='word_1_225' title='bbox 461 4791 597 4855; x_wconf 76' lang='lat' dir='ltr'><strong>Constit.</strong></span> <span class='ocrx_word' id='word_1_226' title='bbox 627 4788 731 4872; x_wconf 86' lang='lat' dir='ltr'><strong>„Cum</strong></span> <span class='ocrx_word' id='word_1_227' title='bbox 746 4788 1014 4857; x_wconf 78' lang='lat' dir='ltr'><strong>Smctissimum“</strong></span> <span class='ocrx_word' id='word_1_228' title='bbox 1037 4793 1077 4856; x_wconf 87' lang='lat' dir='ltr'><strong>de</strong></span> <span class='ocrx_word' id='word_1_229' title='bbox 1100 4792 1153 4856; x_wconf 91' lang='lat' dir='ltr'><strong>die</strong></span> <span class='ocrx_word' id='word_1_230' title='bbox 1176 4794 1205 4858; x_wconf 76' lang='lat'><strong>7.</strong></span> <span class='ocrx_word' id='word_1_231' title='bbox 1226 4791 1305 4857; x_wconf 88' lang='lat' dir='ltr'><strong>Julii</strong></span> <span class='ocrx_word' id='word_1_232' title='bbox 1330 4793 1419 4856; x_wconf 87' lang='grc'>1604.</span> <span class='ocrx_word' id='word_1_233' title='bbox 1432 4788 1608 4855; x_wconf 85' lang='lat' dir='ltr'><strong>-Urbani</strong></span> <span class='ocrx_word' id='word_1_234' title='bbox 1629 4791 1694 4855; x_wconf 87' lang='grc' dir='ltr'><strong>ΡΡ.</strong></span> <span class='ocrx_word' id='word_1_235' title='bbox 1704 4786 1796 4856; x_wconf 87' lang='lat' dir='ltr'><strong>Vlll.</strong></span> 
     </span>
     <span class='ocr_line' id='line_1_31' title="bbox 394 4896 1796 4990; baseline -0.001 -28"><span class='ocrx_word' id='word_1_236' title='bbox 394 4897 529 4962; x_wconf 84' lang='lat' dir='ltr'><strong>Constit.</strong></span> <span class='ocrx_word' id='word_1_237' title='bbox 555 4896 730 4981; x_wconf 82' lang='lat' dir='ltr'><strong>„Divinam</strong></span> <span class='ocrx_word' id='word_1_238' title='bbox 758 4897 997 4964; x_wconf 86' lang='lat' dir='ltr'><strong>Psalmodiam“</strong></span> <span class='ocrx_word' id='word_1_239' title='bbox 1020 4899 1060 4963; x_wconf 91' lang='lat' dir='ltr'><strong>de</strong></span> <span class='ocrx_word' id='word_1_240' title='bbox 1093 4899 1145 4963; x_wconf 89' lang='lat' dir='ltr'><strong>die</strong></span> <span class='ocrx_word' id='word_1_241' title='bbox 1167 4899 1217 4964; x_wconf 80' lang='lat'><strong>25.</strong></span> <span class='ocrx_word' id='word_1_242' title='bbox 1238 4898 1312 4964; x_wconf 82' lang='lat' dir='ltr'><strong>Jan.</strong></span> <span class='ocrx_word' id='word_1_243' title='bbox 1346 4899 1435 4990; x_wconf 73' lang='grc'><strong>1631.</strong></span> <span class='ocrx_word' id='word_1_244' title='bbox 1462 4936 1504 4946; x_wconf 97' lang='grc'>-</span> <span class='ocrx_word' id='word_1_245' title='bbox 1528 4897 1645 4980; x_wconf 84' lang='lat' dir='ltr'><strong>Ejusd.</strong></span> <span class='ocrx_word' id='word_1_246' title='bbox 1679 4896 1796 4967; x_wconf 81' lang='lat' dir='ltr'><strong>Pontis.</strong></span> 
     </span>
     <span class='ocr_line' id='line_1_32' title="bbox 395 5004 1221 5094; baseline 0 -24"><span class='ocrx_word' id='word_1_247' title='bbox 395 5005 530 5070; x_wconf 80' lang='lat' dir='ltr'><strong>Constit</strong></span> <span class='ocrx_word' id='word_1_248' title='bbox 553 5004 608 5088; x_wconf 88' lang='lat' dir='ltr'><strong>„Si</strong></span> <span class='ocrx_word' id='word_1_249' title='bbox 630 5004 708 5091; x_wconf 86' lang='lat' dir='ltr'><strong>quid</strong></span> <span class='ocrx_word' id='word_1_250' title='bbox 730 5006 803 5070; x_wconf 81' lang='lat' dir='ltr'><strong>est“</strong></span> <span class='ocrx_word' id='word_1_251' title='bbox 830 5006 872 5072; x_wconf 85' lang='lat' dir='ltr'><strong>de</strong></span> <span class='ocrx_word' id='word_1_252' title='bbox 894 5007 947 5071; x_wconf 84' lang='lat' dir='ltr'><strong>die</strong></span> <span class='ocrx_word' id='word_1_253' title='bbox 967 5007 996 5073; x_wconf 83' lang='lat'><strong>2.</strong></span> <span class='ocrx_word' id='word_1_254' title='bbox 1019 5006 1107 5094; x_wconf 85' lang='lat' dir='ltr'><strong>Sept</strong></span> <span class='ocrx_word' id='word_1_255' title='bbox 1131 5007 1221 5071; x_wconf 84' lang='lat'>1634.</span> 
     </span>
    </p>

    <p class='ocr_par' dir='ltr' id='par_1_10' title="bbox 352 5112 628 5198">
     <span class='ocr_line' id='line_1_33' title="bbox 352 5112 628 5198; baseline -0.007 -20"><span class='ocrx_word' id='word_1_256' title='bbox 352 5112 421 5196; x_wconf 87' lang='lat'>¹)·1.</span> <span class='ocrx_word' id='word_1_257' title='bbox 443 5113 524 5198; x_wconf 83' lang='lat' dir='ltr'><strong>Reg.</strong></span> <span class='ocrx_word' id='word_1_258' title='bbox 546 5113 576 5178; x_wconf 87' lang='lat'><strong>3.</strong></span> <span class='ocrx_word' id='word_1_259' title='bbox 600 5115 628 5178; x_wconf 88' lang='lat'><strong>1.</strong></span> 
     </span>
    </p>
   </div>
   <div class='ocr_carea' id='block_1_8' title="bbox 0 0 1996 5956">
    <p class='ocr_par' dir='ltr' id='par_1_11' title="bbox 0 0 1996 5956">
     <span class='ocr_line' id='line_1_34' title="bbox 0 0 1996 5956; baseline 0 0"><span class='ocrx_word' id='word_1_260' title='bbox 0 0 1996 5956; x_wconf 95' lang='lat' dir='ltr'><strong> </strong></span> 
     </span>
    </p>
   </div>
  </div>
 </body>
</html>
