3960 5956
1675 340 1717 402 53

224 548 271 619 ut
299 526 372 647 per
407 537 587 643 spatium
624 538 749 618 trium
787 538 854 620 vel
885 548 1061 647 quatuor
1089 567 1291 644 annorum
1319 543 1481 651 integra
1510 543 1598 650 ejus
1626 569 1718 624 ma-

223 671 326 753 teria
354 670 611 752 sermonibus
625 673 956 754 &concionatoriis
991 651 1230 781 exponatur.
1290 664 1399 756 Hac
1422 676 1532 757 enim
1561 676 1719 757 ratione

224 803 365 886 fideles
393 815 631 911 perceptam
660 804 755 886 inde
791 835 816 886 a
838 808 1057 912 juventute
1097 804 1251 889 Christi
1291 807 1520 889 doctrinam
1559 834 1718 889 memo·
1869 872 1871 876 Α

223 923 307 1019 riae
336 937 459 1018 altius
488 938 725 1045 impriment
753 938 1001 1047 plenamque
1032 933 1122 1048 ejus
1143 968 1237 1021 cum
1263 941 1588 1050 expositionibus
1617 937 1719 1022 ube·

160 1103 163 1107 ·
224 1069 399 1153 rioribus
429 1069 692 1151 concordiam
721 1072 856 1181 magis
886 1074 1143 1180 perspicient.
1204 1073 1310 1154 Item
1348 1075 1574 1181 pretiosum
1603 1073 1719 1154 litur-

225 1204 318 1314 giae
348 1201 574 1282 catholicae
604 1202 841 1285 thesaurum
871 1204 1162 1286 concionantes
1191 1204 1347 1312 poprdo
1387 1204 1638 1314 adaperient,
1679 1214 1721 1288 et

225 1334 448 1417 mandante
479 1346 621 1417 sancta
651 1334 821 1444 Synodo
851 1334 1103 1433 Tridentina,
1121 1333 1154 1415 2)
1185 1364 1257 1417 seu
1282 1336 1410 1444 ipsius
1431 1325 1582 1420 Missae
1601 1347 1719 1417 teno-

225 1497 312 1551 rem
332 1457 374 1549 et
392 1469 527 1568 ritum,
558 1495 630 1550 seu
651 1466 1010 1550 Sacramentorum
1037 1468 1324 1567 caeremonias,
1355 1469 1509 1551 aliasve
1529 1469 1718 1580 liturgiae

225 1612 362 1711 partes
392 1601 606 1710 explicent,
637 1611 689 1682 ut
718 1600 851 1683 fidelis
888 1582 1067 1708 populus
1106 1591 1252 1710 majori
1291 1613 1387 1683 oum
1426 1604 1652 1684 reverentia
1680 1611 1722 1683 et

226 1735 354 1817 animi
384 1732 602 1816 devotione
623 1731 758 1816 Sacris
778 1735 972 1817 interesse
992 1733 1134 1816 discat.
1177 1731 1429 1843 Cumprimis
1448 1744 1588 1815 autem
1607 1731 1722 1816 verbi

228 1867 358 1950 divini
375 1890 599 1976 praecones
626 1868 806 1949 monitos
826 1894 915 1949 esse
934 1867 1136 1968 volumus,
1173 1877 1220 1948 ut
1248 1867 1497 1977 indigentias
1526 1867 1723 1976 temporis
1839 1926 1847 1937 -

229 2000 510 2110 respicientes,
555 2000 802 2108 specialibus
851 2028 901 2081 ac
950 1999 1118 2082 solerter
1163 1998 1412 2082 elucubratis
1456 1997 1724 2081 concionibus

227 2133 348 2234 mala,
380 2159 486 2240 quae
516 2134 666 2239 nostris
695 2133 840 2216 diebus
869 2132 994 2215 fidem
1024 2142 1065 2213 et
1093 2159 1239 2232 mores,
1270 2133 1456 2214 ordinem
1476 2131 1723 2219 eeclesiasti-

228 2294 302 2348 cae
331 2275 373 2347 et
401 2265 532 2347 civilis
562 2266 769 2348 societatis
798 2265 1035 2375 perturbare
1064 2266 1283 2365 minantur,
1304 2266 1510 2375 sapienter
1536 2275 1578 2346 et
1596 2265 1723 2349 intree

227 2399 324 2509 pide
352 2399 602 2509 propulsare,
633 2398 705 2481 illa
733 2426 841 2500 vere,
881 2405 986 2508 quae
1015 2399 1145 2479 vitam
1175 2399 1441 2488 christianam
1470 2424 1723 2508 promovere,

229 2531 391 2616 firmare
426 2542 551 2641 atque
589 2532 852 2614 christianam
884 2533 1122 2616 societatem
1152 2559 1392 2615 conservare
1422 2541 1606 2642 possunt,
1638 2530 1724 2613 cla-
1772 2600 1773 2603 κ

228 2666 284 2748 ris
312 2664 559 2772 fervidisque
589 2665 724 2748 verbis
749 2674 977 2747 monstrare
1004 2675 1046 2747 et
1075 2666 1365 2748 commendare
1393 2675 1597 2774 satagant.
1630 2661 1724 2762 Quo

228 2796 393 2881 uberior
430 2809 568 2881 autem
605 2799 720 2882 verbi
755 2798 883 2880 divini
912 2798 1069 2882 fructus
1097 2799 1343 2898 obtineatur,
1372 2797 1608 2882 consultum
1637 2796 1724 2894 erit,

230 2940 278 3012 ut
306 2932 615 3015 concionatores
635 2932 844 3042 religionis
871 2931 1077 3014 doctrinas
1104 2960 1153 3014 eo
1173 2960 1282 3014 nexu
1302 2942 1426 3041 atque
1456 2930 1598 3013 ordine
1627 2956 1725 3039 pro-

179 3175 182 3179 *
229 3075 398 3174 ponant,
439 3093 521 3174 quo
561 3093 605 3148 se
640 3066 822 3148 vicissim
851 3064 1055 3148 illustrent
1084 3075 1125 3146 et
1154 3064 1418 3169 confirment;
1449 3091 1576 3172 quam
1604 3091 1724 3171 prae-

230 3196 446 3280 dicationis
475 3197 717 3281 methodum
746 3198 986 3307 praesertim
1015 3199 1070 3280 ad
1099 3197 1359 3280 instruendos
1389 3196 1596 3279 auditores
1636 3194 1725 3313 cul·
1808 3180 1811 3188 ¹

230 3343 322 3413 tura
358 3331 538 3439 potiores
576 3333 756 3414 maxime
794 3332 1144 3414 commendamus.
1213 3329 1436 3438 Quumque
1472 3313 1568 3410 ruri
1594 3326 1725 3436 potis-

229 3463 382 3547 simum
425 3474 529 3546 teste
574 3465 823 3573 experientia
867 3465 1136 3574 praecipuum
1185 3464 1239 3546 sit
1281 3472 1540 3544 momentum
1584 3488 1726 3542 earum

231 3597 488 3696 concionum,
529 3624 634 3705 quae
657 3596 874 3682 dominicis
904 3597 1099 3705 festisque
1129 3594 1273 3679 diebus
1303 3596 1357 3677 ad
1388 3594 1559 3678 Sacrum
1588 3602 1725 3674 matu·

231 3729 364 3847 tinum
393 3728 606 3831 habentur,
645 3729 947 3838 praedicatores
977 3728 1074 3811 huic
1103 3729 1262 3821 muneri
1300 3756 1395 3811 cum
1430 3726 1565 3809 fructu
1604 3724 1726 3809 satis·

231 3861 377 3944 factmi
417 3862 560 3970 paucis
589 3862 728 3983 verbis
754 3864 932 3945 mrdtum
968 3862 1102 3943 dicere
1132 3873 1174 3977 et
1202 3861 1287 3944 alta
1317 3862 1481 3960 docere,
1502 3857 1728 3968 plurimum

231 3993 495 4076 collaborent.

295 4145 300 4155 ’
347 4127 396 4209 ln
436 4128 527 4235 ipsa
559 4127 863 4237 praedicatione
893 4131 1203 4214 concionatores
1236 4137 1425 4225 caveant,
1465 4154 1517 4207 ne
1547 4122 1722 4205 verbmn

231 4258 312 4342 Dei
341 4289 392 4341 ex
420 4261 587 4368 proprio
625 4262 848 4343 metiantur
885 4263 1053 4372 ingenio
1093 4272 1134 4342 et
1169 4261 1224 4342 ad
1252 4289 1350 4344 suas
1379 4260 1634 4365 conjecturas
1664 4265 1725 4335 te-

231 4420 341 4474 mere
381 4392 707 4502 interpretentur,
746 4394 821 4479 sed
860 4397 1029 4477 omnino
1069 4395 1123 4476 ad
1153 4392 1406 4475 intellectum
1436 4390 1563 4487 illum,
1602 4414 1727 4496 quem

232 4536 375 4608 sancta
405 4524 545 4607 Mater·
567 4525 753 4608 Ecclesia
781 4538 903 4627 tenet,
933 4556 1111 4636 eumque
1140 4554 1317 4625 sensum,
1349 4524 1421 4633 qui
1440 4522 1536 4604 fidei
1556 4518 1727 4630 symbo-

232 4658 284 4741 lis
321 4671 363 4740 et
401 4658 708 4775 definitionibus
737 4660 792 4742 ad
820 4662 1019 4746 amussim
1039 4659 1279 4769 respondet.
1341 4654 1467 4740 Sacra
1506 4652 1727 4763 Scriptura,
1783 4715 1786 4727 .

233 4791 277 4873 in
316 4820 399 4900 qua
437 4802 632 4873 monente
671 4793 768 4874 divo
808 4781 1044 4903 Augustino
1089 4793 1299 4902 „quisquis
1337 4790 1539 4873 invenerit
1571 4788 1760 4896 omnia,

234 4951 340 5032 quae
379 4924 531 5032 utiliter
568 4924 668 5006 alibi
708 4924 870 5027 didicit,
911 4938 952 5008 et
981 4927 1113 5008 multo
1152 4924 1430 5008 abundantius
1460 4922 1641 5005 inveniet
1670 4949 1729 5020 ea,

237 5107 432 5119 m

248 5197 253 5205 ·
277 5167 306 5255 ²)
329 5167 414 5233 Sese.
438 5168 549 5233 XXll.
573 5191 644 5258 cap.
668 5170 697 5232 8.
721 5169 761 5232 de
785 5169 897 5235 Sacris.
919 5168 1010 5236 Miss.
1034 5179 1066 5235 et
1088 5168 1175 5235 Sese.
1198 5168 1323 5237 XXIV.
1347 5167 1387 5232 de
1410 5166 1481 5231 Res.
1503 5186 1575 5255 cap.
1599 5165 1627 5231 7.
