3960 5956
1656 343 1674 406 7
1752 336 1755 340 A

178 545 312 629 'clesia
350 547 480 646 ratio,
507 569 613 654 quae
654 573 730 627 nos
770 556 810 626 et
849 573 993 626 omnes
1031 546 1214 652 undique
1253 543 1394 626 fideles
1433 544 1488 632 ad
1528 542 1678 628 Sedem
1743 569 1747 576 ’

184 678 471 788 Apostolicam
501 677 706 760 confluere
729 679 860 786 jubet,
891 706 977 759 non
1005 679 1142 758 minus
1172 679 1310 786 exigit,
1341 688 1387 758 ut
1407 674 1567 776 Clerici,
1598 705 1676 784 po·
1781 749 1806 793 ·.

186 812 355 921 pulique
375 811 586 893 christian-i
607 811 733 892 duces
758 822 798 891 et
823 821 1007 918 pastores
1027 809 1288 892 fidelissimae
1310 793 1567 892 obedientiae
1587 836 1677 889 rne-

184 945 262 1026 rito
292 944 373 1025 illis
394 971 559 1051 quoque
589 944 886 1040 consocientur,
918 971 1022 1049 quos
1043 942 1158 1024 salvo
1179 941 1288 1023 Petri
1310 969 1431 1049 super
1450 939 1677 1048 Apostolos

189 1076 374 1159 Primatu
417 1073 617 1183 „Spiritus
657 1060 823 1157 sanctus
853 1073 992 1183 posuit
1021 1074 1251 1182 Episcopos
1280 1102 1421 1184 regere
1450 1070 1680 1162 Ecclesiam

184 1207 301 1291 Deis
316 1204 369 1286 10)
407 1208 525 1308 „Hac
546 1219 654 1289 certe
683 1209 788 1289 mira
816 1208 1012 1288 varietate
1028 1205 1213 1287 Ecclesia
1234 1218 1376 1288 sancta
1392 1206 1678 1307 circmndatur,

142 1380 144 1385 ·
184 1350 352 1423 ematur
381 1350 422 1421 et
451 1341 616 1449 regitur,
647 1368 742 1420 cum
772 1339 843 1420 alii
873 1341 917 1420 in
946 1366 995 1419 ea
1024 1337 1256 1437 Pontifices
1295 1338 1365 1418 alii
1400 1338 1571 1418 minoris
1607 1360 1685 1419 or-'
1711 1351 1742 1391 ‘·

187 1472 294 1555 dinis
324 1472 567 1571 sacerdotes,
599 1472 776 1553 Diaconi
812 1483 853 1552 et
877 1470 1157 1570 subdiaconi,
1195 1472 1450 1554 diversorum
1486 1470 1678 1569 ordinum

184 1607 261 1686 viri
290 1614 592 1702 consecrantiu,
623 1616 664 1685 et
693 1633 743 1686 ex
772 1603 913 1684 multis
943 1615 983 1684 et
1018 1602 1198 1685 alternae
1234 1603 1447 1712 dignitatis
1482 1599 1678 1686 membris
1736 1691 1739 1696 ,

185 1717 313 1820 uuum
345 1735 508 1846 Corpus
539 1736 691 1822 Christi
722 1724 906 1817 efficitur.
915 1744 932 1782 “
967 1737 1019 1820 11)

301 1886 431 1996 Cujus
462 1890 504 1969 in
534 1887 616 1969 lide
645 1888 813 1968 unitatis
843 1886 1052 1995 piissimus
1081 1916 1231 1994 praeco
1262 1917 1293 1968 s.
1316 1888 1502 1997 ignatius
1522 1887 1680 1997 Martyr

186 2018 340 2129 Spiritu
378 2032 521 2103 sancto
561 2031 755 2102 monente
795 2021 1009 2101 clamavit:
1046 2019 1226 2120 ,Omnes
1256 2021 1511 2130 Episcopum
1541 2023 1680 2130 sequie
1746 2044 1753 2058 ·

185 2153 298 2249 mini,
329 2164 376 2234 ut
404 2154 528 2235 ‘lesus
558 2154 748 2237 Christus
778 2155 974 2237 Patrem·
1015 2154 1125 2237 Sine·
1142 2155 1352 2264 Episcopo
1371 2189 1375 2196 ·
1393 2184 1516 2237 nemo
1557 2157 1678 2264 quid-

99 2354 103 2360 .
185 2313 311 2393 quam
341 2286 464 2368 faciat
494 2316 648 2387 eorum,
680 2315 785 2396 quae
815 2289 869 2370 ad
895 2288 1124 2369 Ecclesiam
1145 2283 1368 2396 spectant.“
1433 2287 1549 2370 Sicut
1567 2291 1678 2371 enim

185 2419 313 2519 decet,
343 2433 389 2501 ut
419 2419 616 2529 Episcopi
647 2450 719 2530 per
748 2423 945 2503 terminos
974 2431 1104 2523 terrae
1134 2421 1290 2503 definiti
1320 2422 1364 2502 in
1394 2421 1497 2502 <lesu
1524 2419 1679 2529 Christi

186 2553 388 2633 sententia
417 2555 520 2635 sint:
551 2555 609 2635 ita
638 2584 687 2635 ex
718 2555 901 2663 ejusdem
932 2555 1063 2635 sancti
1094 2554 1226 2635 Patris
1245 2542 1354 2635 ¹voto
1394 2555 1573 2662 reliquos
1592 2608 1593 2612 κ
1611 2583 1678 2635 sa·

186 2684 372 2766 cerdotes
402 2686 445 2766 in
476 2686 673 2794 Episcopi
695 2687 939 2767 sententiam
960 2715 1200 2768 concurrere
1221 2698 1393 2795 oportet,
1423 2698 1470 2768 ut
1492 2689 1678 2769 omnium
1770 2687 1774 2694 ’

63 2903 71 2922 ‚
185 2816 470 2911 Ecclesiarum
503 2819 545 2898 in
586 2819 685 2901 orbe
716 2818 920 2899 catholico
956 2819 1286 2927 ,Presbyterium
1316 2812 1583 2902 memorabile
1614 2822 1676 2919 sit,

187 2947 278 3030 lleo
300 2949 486 3058 dignum,
518 2952 575 3031 itu
605 2961 843 3058 coaptatum
865 2951 1094 3060 Episcopis,
1116 2962 1162 3032 ut
1182 2952 1359 3033 chordae
1383 2942 1601 3033 citlrarae.“
1621 2950 1673 3034 12)

303 3119 396 3220 Quo
427 3124 561 3231 magis
575 3111 745 3203 idcirco
767 3125 1106 3230 pretiosissimum
1127 3125 1222 3206 tidei
1244 3125 1498 3207 orthodoxae
1520 3126 1677 3206 donum

185 3280 235 3333 ac
264 3255 493 3361 praemium
535 3257 576 3335 in
608 3253 730 3336 Clero
749 3291 750 3294 ¹
768 3265 809 3336 et
837 3284 910 3364 per
941 3254 1109 3338 Clerum
1139 3260 1181 3338 in
1212 3255 1368 3366 populo
1398 3269 1608 3367 augeatur,
1640 3268 1680 3340 et

185 3413 235 3466 ex
273 3387 371 3469 viva
409 3399 550 3469 nostra
589 3389 881 3470 cormnunione
921 3418 1015 3470 cum
1055 3417 1158 3488 una,
1197 3400 1349 3489 sancta,
1387 3389 1604 3472 Catholica
1640 3401 1680 3471 ct

185 3517 429 3626 Apostoliea
458 3517 646 3602 Ecclesia
675 3521 800 3604 robur
820 3521 941 3604 nobis
961 3531 1177 3619 accrescat,
1209 3550 1285 3602 nec
1305 3549 1390 3602 non
1411 3523 1454 3601 in
1475 3522 1541 3602 die
1567 3523 1678 3603 malo

185 3650 372 3734 coelestis
401 3651 593 3734 Paracliti
624 3654 830 3735 solamen:
863 3656 1116 3762 sequentia
1104 3683 1147 3735 m
1168 3655 1246 3735 hac
1259 3652 1439 3762 Synodo
1461 3653 1698 3795 statuenda⁴

184 3785 442 3864 censuimus:

305 3969 340 4044 1.
364 3963 622 4048 Saclosancti
639 3966 816 4050 Concilii
837 3969 1067 4050 Tridentini
1088 3978 1129 4049 et
1145 3967 1409 4075 Summorum
1431 3966 1678 4050 Pontificum
1752 3972 1755 3978 ’

185 4099 426 4180 auctoritate
446 4099 703 4199 mandamus,
733 4112 779 4181 ut
808 4103 986 4209 promoti
1008 4101 1062 4181 ad
1083 4097 1363 4181 Canonicatus
1383 4110 1424 4181 et
1442 4098 1678 4210 Dignitates

185 4229 229 4309 in
249 4229 430 4311 ecclesiis
447 4232 749 4344 cathedralibus
770 4233 823 4313 ad
844 4234 980 4313 minus
996 4235 1103 4314 intra
1123 4233 1228 4314 duos
1245 4260 1405 4316 menses
1421 4260 1446 4311 a
1467 4232 1533 4313 die
1550 4231 1677 4340 adep-

186 4369 253 4442 tae
282 4364 553 4470 possessionis
574 4359 659 4445 non
690 4365 824 4446 solum
855 4366 898 4445 in
919 4363 1125 4472 CapituIO,
1157 4365 1228 4447 sed
1250 4366 1374 4445 etiam
1395 4392 1535 4445 coram
1566 4363 1676 4445 ordi-

186 4494 302 4575 nario
322 4493 541 4605 Episcopo
561 4496 628 4578 vel
649 4525 697 4579 eo
718 4497 916 4607 impedito
938 4524 1076 4578 coram
1097 4499 1184 4605 ejus
1204 4497 1369 4578 Vicario
1391 4493 1584 4577 Generali
1605 4524 1677 4576 seu

187 4623 365 4708 Officiuli
396 4628 623 4717 secundum
643 4629 863 4711 formulam
884 4659 910 4711 a
929 4631 1004 4712 Pio
1035 4629 1151 4740 Papa
1179 4631 1265 4747 IV..
1283 4630 1577 4738 praescriptam
1608 4658 1675 4711 or-

59 4807 62 4812 *
186 4756 393 4841 thodoxae
414 4782 511 4842 suae
527 4759 622 4842 fidei
638 4761 849 4869 publicam
870 4764 1166 4872 professionem
1186 4764 1338 4845 faciant
1354 4771 1395 4843 et
1409 4762 1453 4843 in
1468 4761 1677 4844 Ecclesiae

187 4960 386 4974 *—

235 5053 271 5136 '⁰)
293 5054 366 5119 Act.
388 5054 452 5140 Ap
473 5055 524 5119 20.
546 5055 597 5125 28
626 5055 663 5138 ¹¹)
676 5055 791 5120 Pontis
815 5056 903 5124 Rom
927 5055 1676 5147 deOrdPresb¹²)EpistadS1nyrnmum.

169 5252 173 5260 Ι
297 5162 327 5226 8
351 5159 588 5250 etadEphcs
610 5184 641 5227 n.
664 5163 790 5229 30t4
