3960 5956
841 456 1032 545 onnus
1061 460 1132 544 Ν.
1184 435 1186 439 ’

199 646 205 668 ’
313 670 337 772 f
423 792 425 796 ι
512 684 583 785 De
613 681 983 797 sanctificatione
1013 682 1196 761 dierum
1225 679 1463 763 festorum.

353 909 528 990 Etiamsi
554 936 715 1016 semper
745 934 872 1007 orare,
903 906 1123 1015 Deumque
1144 906 1349 1011 continuis
1378 892 1475 988 fidei
1499 883 1545 989 ¹et
1564 909 1728 1017 pietatis

237 1038 595 1122 exercitationibus
616 1039 749 1121 colere
776 1047 973 1147 oporteat,
1004 1039 1254 1148 singularem
1284 1041 1423 1120 tamen
1444 1034 1729 1123 'honorificen-

235 1173 336 1254 tiam
367 1171 453 1253 dies
483 1170 563 1253 sibi
592 1153 824 1270 vindicant,
862 1198 966 1278 quos
1006 1199 1104 1278 prae
1144 1171 1287 1253 ceteris
1326 1170 1418 1253 Deo
1449 1182 1650 1269 sacratos,
1688 1183 1730 1255 et

235 1305 447 1387 communi
463 1287 591 1386 cultui
622 1305 763 1385 divino
785 1302 1017 1411 divinisque
1047 1288 1492 1392 rebus'consecrandos
1511 1304 1725 1409 novimus3
1762 1364 1766 1371 -

234 1447 281 1518 ut
321 1437 420 1517 dum
460 1437 514 1520 ab
544 1431 751 1518 aerumnis
790 1435 1041 1544 quotidianis
1080 1436 1284 1543 hujusque
1323 1435 1475 1516 saeculi
1515 1434 1726 1552 laboribus

176 1654 179 1658 ,
234 1572 501 1678 respirantes,
531 1569 639 1680 Regi
669 1555 927 1651 saeculorum
956 1567 1179 1649 immortali
1209 1578 1250 1647 et
1280 1566 1487 1668 invisibili,
1525 1568 1602 1650 soli
1632 1566 1725 1650 Deo

234 1701 435 1784 honorem
464 1730 514 1784 ac
534 1700 699 1782 laudem
721 1700 952 1800 referimus,
983 1709 1099 1781 tanto
1130 1700 1293 1808 potiora
1321 1728 1396 1807 pro
1428 1700 1548 1782 donis
1576 1698 1727 1782 oblatis

234 1833 399 1916 divinae
438 1833 736 1916 benedictionis
777 1822 960 1941 pignora
990 1859 1318 1940 promereamus,
1359 1857 1557 1941 spemque
1595 1831 1726 1914 habe-
1846 1895 1851 1905 .

235 1994 353 2048 amus
368 1951 541 2047 'firbnae
578 1965 752 2073 requiei,
798 1992 904 2072 quae
934 1963 1070 2045 adhuc
1100 1973 1162 2045 est
1190 1963 1346 2072 populo
1377 1963 1468 2045 Dei.
1493 1961 1525 2044 1)
1586 1961 1727 2064 Quum

233 2101 390 2180 autem
412 2085 517 2179 inter
554 2097 798 2205 praecipuos
837 2095 990 2195 fontes,
1036 2124 1059 2175 e
1098 2094 1248 2204 quibus
1285 2105 1429 2176 manat
1463 2097 1555 2177 aevi
1595 2095 1725 2210 nostri

233 2230 500 2338 perversitas,
530 2229 676 2311 merito
706 2227 902 2311 referatiu
931 2256 1085 2336 procax
1115 2227 1273 2310 dierum
1304 2255 1514 2309 sacrorum
1543 2222 1725 2328 violatio,

233 2373 275 2444 et
304 2361 489 2444 dolentes
526 2360 643 2461 fateri
674 2389 891 2470 cogamur,
928 2370 1086 2467 pestem
1125 2360 1239 2441 illam
1270 2361 1395 2441 etiam
1425 2370 1586 2443 nostras
1615 2359 1725 2470 regi-

234 2522 334 2577 ones
380 2494 593 2595 invadere,
634 2495 877 2601 ruinamque
923 2491 1149 2574 catholicae
1188 2492 1330 2599 pietati
1366 2493 1514 2574 minari
1554 2492 1597 2573 in
1637 2491 1725 2573 dies

233 2621 449 2735 majorem:
497 2621 756 2708 sanctissimo
796 2627 977 2708 muneris
1021 2625 1151 2707 nostri
1195 2622 1333 2705 officio
1364 2634 1405 2706 et
1433 2621 1723 2726 ardentissimo

233 2758 417 2840 fidelium
457 2754 600 2842 salutis
638 2757 839 2840 desiderio
880 2758 1012 2856 ducti,
1050 2756 1167 2839 malo·
1201 2756 1298 2837 huic
1338 2757 1473 2859 omni,
1514 2785 1597 2871 quo
1637 2755 1724 2839 fieri

233 2901 385 3000 potest,
426 2891 553 2973 modo
583 2890 881 2973 occurrendrnn
912 2878 1180 2971 decernimus.
1242 2885 1503 2998 Quapropter
1533 2917 1639 2998 quae
1668 2888 1724 2971 ad

233 3023 416 3106 debitam
437 3023 582 3107 diebus
598 3026 724 3106 sacris
743 3022 1100 3105 honorificentiam
1120 3021 1334 3130 pertinent,
1367 3021 1575 3103 Ecclesiae
1599 3024 1723 3104 ‘sanc-

234 3154 416 3238 tionibus
456 3167 497 3238 et
525 3156 740 3240 beatorum
780 3155 949 3268 Patrum
979 3150 1267 3236 traditionibus
1303 3153 1452 3252 innixi,
1483 3151 1605 3235 Olero
1645 3182 1724 3261 po-

177 3277 179 3280 *
234 3289 416 3398 puloque
446 3287 557 3370 fideli
588 3290 631 3369 in
661 3290 903 3370 memoriam
934 3313 1186 3368 revocamus.
1556 3289 1561 3298 ’

355 3474 390 3550 1.
436 3468 699 3551 Meminerint
737 3470 876 3577 itaque
914 3468 1067 3567 fideles,
1107 3466 1252 3549 diebus
1296 3468 1422 3548 sacris
1461 3468 1642 3576 primurn
1682 3478 1725 3550 et

233 3602 403 3683 omnino
447 3630 574 3711 grave
619 3602 847 3684 catholicae
886 3601 1151 3709 professionis
1195 3598 1378 3681 officium
1418 3589 1527 3700 esse,
1567 3610 1614 3681 ut
1642 3599 1723 3682 nisi

232 3761 331 3814 vera
366 3744 532 3815 excuset
560 3733 891 3841 impossibilitas,
930 3743 1191 3838 sacrosancto
1226 3730 1377 3812 Missae
1407 3730 1617 3815 Sacrificio
1656 3732 1723 3813 in-

233 3859 387 3947 tersint.
419 3864 682 3948 Edoceantur
711 3893 738 3946 a
757 3866 990 3974 pastoribus
1010 3866 1253 3963 animarmu,
1294 3893 1420 3973 quarn
1448 3863 1569 3969 facile
1597 3864 1724 3946 etiam

231 3996 393 4078 lethalis
433 3997 592 4105 peccati
639 3997 805 4106 crdparn
835 4000 1062 4095 incurrant,
1108 3998 1179 4106 qui
1219 3998 1262 4076 in
1301 3997 1382 4078 hoc
1420 3997 1643 4105 praecipuo
1683 4005 1725 4078 et

231 4130 490 4211 sanctissimo
539 4141 637 4210 actu
678 4130 811 4210 cultus
861 4129 990 4210 divini
1031 4129 1173 4211 leviter
1211 4140 1359 4238 agunt,
1409 4138 1481 4209 aut
1519 4128 1723 4212 notabiles

231 4272 367 4369 partes
398 4259 595 4343 Sacrificii
615 4262 983 4370 praetermittentes
1013 4252 1084 4343 aut
1114 4261 1253 4376 debita
1277 4261 1502 4342 attentione
1531 4269 1573 4341 et
1593 4259 1722 4342 devo-

230 4394 355 4475 tionis
384 4394 610 4474 intentione
639 4404 835 4474 carentes.
871 4392 1014 4474 Potius
1044 4421 1094 4474 ea
1122 4394 1274 4501 pietate
1303 4393 1609 4506 augustissimo·
1625 4390 1722 4499 My·

231 4526 353 4607 sterio
384 4537 617 4634 praesentes
647 4527 758 4625 sint,
779 4537 825 4607 ut
853 4536 1068 4635 tamquam
1097 4525 1186 4617 veri,
1211 4524 1467 4625 adoratores,
1504 4553 1609 4633 quos
1638 4523 1722 4607 Pa·

230 4667 292 4739 ter
321 4658 498 4766 quaerit,
528 4659 572 4738 in
601 4659 746 4767 spiritu
775 4669 815 4739 et
845 4658 1014 4740 veritate
1044 4656 1153 4739 Eum
1183 4657 1366 4757 adorent,
1387 4651 1421 4734 2)
1456 4656 1722 4739 devotionem

230 4817 348 4871 suam
378 4789 501 4872 simul
530 4800 697 4897 externo
728 4791 910 4899 corporis
939 4790 1084 4871 habitu
1114 4789 1252 4898 palam
1282 4791 1498 4886 facientes,

230 4976 426 4988 un*

281 5049 302 5132 1)
325 5048 424 5111 near.
446 5051 475 5112 4.
498 5049 526 5110 o.
573 5050 600 5133 ²)
622 5048 738 5114 Joann.
759 5025 864 5124 aaa
961 5116 962 5119 Ν
992 5104 996 5116 .
