3960 5956
253 313 294 378 ‘10

254 515 374 598 euim-
394 515 560 598 vinculo
589 516 783 598 scientiae
811 526 937 626 prout
965 517 1071 599 inter
1099 546 1154 618 se,
1192 519 1251 600 ita
1279 518 1467 628 religioni
1497 518 1753 629 copulantur.

260 646 419 749 ,Omne
440 648 584 731 datum
604 649 808 757 optimum
831 659 878 756 et
892 676 1014 735 omne
1036 649 1449 761 donumperfectum,
1474 652 1609 760 inquit
1636 650 1755 762 Apo·

255 782 396 881 stolus,
432 781 674 883 „desursum
704 793 766 864 est
795 782 1047 865 descendens
1077 812 1103 864 a
1119 783 1253 865 -Patre
1281 784 1509 865 luminum“
1525 812 1535 887 ς
1552 781 1586 865 1)
1633 782 1755 868 Obri-

256 923 344 997 stus
384 914 609 1014 Dominus,
655 917 722 1016 „in
762 943 843 1024 quo
884 927 981 999 sunt
1034 944 1179 999 omnes
1221 917 1401 1002 thesauri
1450 919 1676 1027 sapientiae
1701 931 1757 1001 et

256 1048 451 1131 scientiae
494 1047 765 1149 absconditi“,
781 1045 815 1129 2)
860 1059 1042 1131 mentem
1086 1049 1312 1131 humanam
1352 1079 1378 1131 a
1417 1051 1754 1161 gravissimarum

255 1210 391 1265 rerum
416 1168 701 1263 incertitudine
721 1192 762 1263 et
781 1184 914 1265 errore
933 1183 1131 1281 liberavit,
1160 1192 1202 1264 et
1227 1181 1402 1292 Spiritus
1422 1195 1600 1284 sanctus,
1631 1211 1755 1292 quem

256 1315 377 1399 nobis
396 1315 508 1398 misit
535 1313 745 1395 doctorem
775 1315 967 1413 veritatis,
998 1343 1072 1424 per
1100 1316 1345 1424 prophetam
1375 1317 1607 1425 appellatur
1634 1317 1754 1426 spiri-

256 1462 323 1532 tus
353 1448 588 1557 sapientiae,
619 1448 849 1530 intellectus
879 1461 919 1529 et
944 1448 1147 1529 scientiae.
1183 1446 1300 1529 ldem
1320 1476 1417 1530 vero
1438 1447 1614 1558 Spiritus
1633 1476 1755 1532 sanc·

256 1594 323 1665 tus
362 1582 442 1661 ait:
488 1580 562 1681 „ln
600 1581 849 1662 malevolam
888 1581 1070 1662 animam
1109 1607 1193 1661 non
1233 1580 1418 1663 introibit
1446 1581 1649 1690 sapientia
1678 1610 1756 1664 nec

258 1712 461 1798 habitabit
490 1714 533 1794 in
565 1740 734 1821 corpore
765 1712 931 1811 subdito
959 1713 1177 1822 peccatis.“
1198 1710 1232 1791 3)

375 1862 536 1945 Exinde
567 1863 764 1961 omniurn,
795 1864 867 1970 qui
896 1864 941 1943 in
961 1861 1237 1945 Universitate
1256 1889 1425 1944 munere
1452 1862 1629 1971 docendi
1657 1861 1754 1953 fun·

259 2007 429 2111 guntin,
470 1997 604 2104 prima
643 2007 751 2077 certe
790 1995 856 2076 lex
896 1997 990 2096 erit,
1031 2006 1077 2080 ut
1116 2023 1353 2104 supremum
1392 1966 1530 2078 omnld
1559 1997 1756 2078 scientiae

252 2131 507 2243 fflcipium
543 2128 735 2208 videlicet
768 2129 984 2209 veritatem
1006 2129 1241 2237 suspiciant,
1274 2155 1380 2236 quae
1407 2129 1751 2236 pretiosissimum

257 2254 386 2371 animi
421 2263 578 2363 bonum
615 2271 656 2342 et
679 2261 794 2342 7ἱΗιιᾰ
829 2261 1035 2343 societatis
1072 2260 1286 2342 vinculum
1322 2259 1457 2360 efficit,
1495 2288 1578 2369 quo
1619 2262 1756 2343 omnis

258 2396 447 2480 doctrina
475 2396 750 2516 ingenuarum
780 2403 822 2475 et
849 2392 1125 2475 humanarum
1145 2395 1296 2475 artium
1316 2394 1558 2494 continetur,
1588 2404 1629 2475 et
1649 2422 1756 2502 quae

260 2531 370 2611 rivos
401 2555 497 2640 suos
527 2555 578 2609 ex
607 2554 691 2607 uno
721 2523 835 2608 fonte
849 2525 941 2608 Deo
971 2526 1172 2627 videlicet,
1204 2538 1245 2609 et
1263 2526 1401 2609 radios
1421 2555 1519 2609 suos
1539 2528 1760 2637 tamquam

259 2691 309 2745 ex
338 2659 508 2742 increati
539 2670 580 2742 et
608 2658 738 2746 divini
768 2659 866 2740 solis
902 2658 1120 2768 splendore
1155 2660 1324 2760 derivat,
1354 2640 1483 2741 modo
1513 2661 1655 2770 utique
1687 2659 1752 2743 di·

258 2823 377 2878 verso
418 2804 460 2875 et
498 2792 666 2876 cuilibet
704 2794 899 2875 scientiae
949 2792 1156 2902 peculiari.
1226 2791 1401 2874 Veritati
1441 2794 1600 2902 itaque,
1646 2820 1775 2905 quae·

259 2927 500 3011 revelationi
540 2925 710 3008 omnino
751 2908 965 3024 consentit,
1006 2923 1269 3036 indagandae
1309 2935 1350 3007 et
1387 2923 1573 3008 funditus
1611 2926 1755 3036 acqui-

258 3059 410 3144 rendae
440 3086 584 3142 omnes
614 3057 858 3167 impendant
885 3058 1013 3163 vires,
1045 3059 1083 3139 ei
1113 3060 1305 3169 cognitae
1335 3068 1376 3140 et
1400 3059 1644 3168 acquisitae,
1667 3040 1771 3140 eviss

258 3195 354 3277 tatis
385 3220 568 3275 errorum
598 3174 855 3292 commentis,
886 3190 1007 3297 fidele
1036 3219 1085 3274 ac
1114 3219 1362 3302 generosum
1400 3191 1527 3274 verbo
1567 3191 1752 3300 scriptis·⁴

260 3355 341 3439 que
389 3325 673 3408 testimonium
715 3324 943 3434 ”praestent
1015 3321 1342 3436 Cognoscendae
1386 3333 1527 3406 autem
1569 3323 1755 3406 veritatis

137 3528 146 3541 ..
259 3460 440 3571 primum
480 3456 711 3540 subsidium
750 3459 826 3540 erit
864 3486 936 3541 cor
973 3485 1124 3567 purum
1164 3465 1205 3537 et
1243 3464 1413 3556 rectum,
1456 3455 1570 3566 quod
1598 3455 1756 3539 nullam

154 3656 157 3662 «
258 3591 578 3676 transactionem
609 3618 704 3672 cum
733 3576 951 3674 mendacio
981 3588 1180 3690 admittit,
1219 3589 1293 3671 sed
1322 3589 1482 3671 sincero
1521 3598 1563 3670 et
1600 3589 1756 3671 invicto

259 3753 401 3810 amore
439 3724 654 3807 veritatem
686 3725 843 3835 jugiter
886 3723 1110 3833 profitetur.
1181 3719 1342 3805 Eodem
1387 3722 1573 3807 veritatis
1617 3748 1759 3804 amore

260 3856 556 3969 discipulorum
575 3884 744 3940 suorum
774 3855 901 3939 corda
919 3857 1114 3966 repleant,
1145 3882 1216 3938 eos
1246 3853 1300 3937 ad
1320 3854 1454 3938 solida
1482 3864 1525 3937 et
1554 3853 1759 3938 indefessa

259 3990 397 4075 studia
424 3988 624 4072 inducant
661 4001 703 4071 et
730 3990 797 4072 vel
829 3982 889 4071 ita
919 3998 1063 4107 contra
1091 3988 1364 4073 adolescentis
1393 3989 1539 4071 aetatis
1569 4013 1756 4071 crescen-

259 4126 318 4208 tia
345 4120 528 4234 pericula
556 4123 766 4227 muniant3
806 4121 860 4205 ab
897 4120 1050 4204 illicitis
1080 4121 1409 4231 quibuscumque
1449 4148 1520 4204 eos
1549 4129 1755 4217 revocent,

259 4256 314 4340 ad
342 4255 632 4342 honestissima
661 4281 848 4365 quaeque
877 4255 1004 4338 verbo
1040 4264 1081 4336 et
1110 4253 1299 4365 exemplo
1329 4264 1546 4353 moveant,
1584 4252 1639 4336 ad
1668 4279 1754 4337 ser·

259 4389 397 4472 vanda
426 4388 665 4498 praesertim
703 4387 800 4471 fidei
839 4387 1067 4470 catholicae
1096 4397 1315 4496 praecepta
1354 4396 1395 4468 et
1433 4385 1488 4469 ad
1522 4387 1632 4469 vitae
1660 4414 1756 4469 vere

260 4521 505 4605 christianae
535 4520 727 4603 exercitia
764 4507 855 4601 tum
884 4519 1131 4603 salutaribus
1160 4519 1329 4602 monitis
1368 4529 1458 4601 tum
1487 4519 1655 4630 propria
1689 4546 1755 4601 re-

260 4655 415 4766 ligione
454 4682 525 4738 eos
564 4653 768 4755 inducere,
806 4680 893 4737 non
931 4654 1038 4736 inter
1079 4654 1225 4735 ultima
1254 4654 1435 4735 muneris
1479 4653 1542 4734 sui
1582 4647 1759 4734 referant

262 4787 409 4870 officia.

313 5049 335 5134 ¹)
357 5049 427 5115 Jac.
452 5050 480 5115 1.
506 5048 556 5114 17.
607 5046 635 5133 ’)
660 5043 794 5117 Colloss.
817 5049 847 5119 2.
868 5048 898 5115 3.
920 5087 962 5103 -

308 5157 335 5248 ⁸)
357 5154 433 5251 sap.
456 5158 486 5225 1.
507 5158 537 5226 4.
768 5159 771 5169 '
875 5176 878 5181 ·
