3960 5956
1674 353 1716 417 93

225 551 440 635 reditatem
469 562 611 663 gratus
640 553 901 664 vigilansque
931 555 1120 654 custodit,
1159 565 1200 636 et
1229 554 1439 637 Ecclesiae
1468 555 1714 637 institutioni

224 695 314 767 tuto
353 670 485 783 fidens
525 683 772 768 Sanctorum
811 687 1012 796 Reliquiis
1049 687 1257 795 sacrisque
1287 687 1545 797 imaginibus
1575 686 1715 797 religi-

225 844 341 899 osam
360 819 669 901 venerationem
699 830 740 902 et
758 820 960 903 honorem
980 819 1131 921 deberi,
1161 819 1290 902 libera
1318 849 1420 903 voce
1441 820 1665 928 profitetur.
1684 815 1717 898 1)

225 946 466 1032 Catholicae
486 950 723 1058 hujusmodi
745 953 908 1060 pietatis
929 952 1121 1036 custodes
1142 954 1353 1036 constituti
1374 953 1577 1036 curabunt
1596 980 1716 1061 prae-

224 1083 364 1164 sertim
393 1083 574 1190 parochi,
606 1094 652 1165 ut
672 1085 807 1181 omnis
837 1086 954 1167 istius
978 1086 1253 1168 venerationis
1283 1094 1373 1167 tum
1402 1087 1597 1195 privatae,
1628 1095 1718 1167 tum

223 1213 413 1324 publicae
442 1217 547 1297 ratio
580 1216 835 1300 orthodoxae
863 1216 960 1299 fidei
990 1229 1031 1301 et
1059 1217 1447 1329 legibus'Eeclesiae
1477 1230 1618 1301 exacte
1648 1247 1714 1300 re·

223 1348 436 1457 spondeat.
503 1349 615 1431 Hinc
646 1352 880 1433 sanctiones
911 1353 1063 1459 partim
1092 1353 1351 1449 innovamus,
1382 1354 1534 1460 partim
1563 1379 1716 1433 renun-

224 1483 379 1563 tiamus
410 1494 647 1592 sequentes:

347 1685 383 1762 1.
416 1678 533 1782 Quae
559 1683 602 1763 in
623 1682 798 1793 singulis
818 1684 1055 1793 provinciae
1075 1694 1241 1767 nostrae
1262 1683 1443 1765 ecclesiis
1463 1694 1723 1767 asservantur

227 1810 474 1896 Sanctorum
495 1803 722 1923 Reliquiae,
752 1816 918 1898 nonnisi
939 1816 1109 1899 obtenta
1129 1816 1328 1925 Episcopi
1347 1817 1513 1899 licentia
1531 1818 1576 1898 iu
1595 1816 1721 1898 aliam

228 1946 443 2029 ecclesiam
474 1947 681 2035 transferri
711 1959 905 2056 possunt,
946 1978 1157 2058 quumque
1187 1950 1358 2031 omnino
1389 1950 1542 2048 deceat,
1582 1959 1628 2030 ut
1666 1948 1721 2030 ad

229 2062 475 2161 evitandum
507 2080 808 2188 profanationis
842 2082 1071 2191 periculum
1106 2109 1390 2191 quaecumque
1429 2110 1569 2164 sacrae
1608 2080 1722 2164 Reli·
1829 2073 1834 2081 ⁸

230 2210 351 2319 quiae
380 2213 518 2322 potius
548 2214 592 2294 in
623 2213 804 2296 ecclesiis
834 2215 977 2298 aliisve
997 2215 1100 2297 locis
1130 2216 1256 2298 sacris
1285 2213 1585 2298 custodiantur:
1631 2243 1723 2296 mo·

230 2371 375 2439 nemus
396 2345 661 2429 ecclesiarum
680 2358 868 2449 rectores,
896 2376 949 2430 ne
969 2347 1182 2456 Reliquias
1203 2348 1537 2447 etiam-minores,
1562 2375 1723 2429 earum-

230 2506 282 2559 ve
325 2478 546 2587 particulas
596 2481 727 2563 inscio
767 2480 977 2591 Episcopo
1013 2481 1247 2591 petentibus
1284 2480 1520 2591 praebeant.
1580 2461 1725 2561 Novae
1865 2546 1870 2569 .

232 2621 370 2692 autem
402 2611 617 2721 Reliquiae
648 2642 782 2722 neque
812 2614 854 2696 in
882 2614 1087 2714 ecclesias,
1117 2643 1251 2723 neque
1281 2615 1324 2695 in
1354 2614 1502 2696 domos
1522 2613 1725 2721 recipian-

231 2752 306 2844 tur,
338 2745 418 2827 nisi
448 2745 502 2828 ab
532 2746 742 2856 Episcopo
772 2749 1009 2857 recognitae
1048 2759 1090 2830 et
1126 2748 1390 2858 approbatae.
1448 2745 1725 2839 Authenticae
1856 2798 1868 2814 .

231 2877 542 2986 approbationis
582 2881 723 2962 literae
762 2881 805 2961 in
844 2881 1048 2963 tabulario
1086 2881 1172 2962 sive
1211 2881 1448 2989 parochiali,
1491 2881 1577 2961 sive
1616 2879 1726 2960 illius

231 3010 438 3111 ecclesiae,
469 3013 512 3093 in
542 3041 626 3122 qua
655 3043 795 3097 sacrae
824 3014 1041 3126 Reliquiae
1060 3016 1286 3096 collocatae
1311 3024 1418 3112 sunt,
1448 3023 1725 3115 asserventur3
1774 3121 1776 3124 Ι

232 3143 525 3250 recipientibus
554 3158 693 3229 autem
723 3146 947 3257 Reliquias,
979 3176 1029 3228 ex
1058 3147 1219 3229 indulto
1250 3146 1447 3255 Episcopi
1478 3146 1521 3227 in
1554 3143 1727 3227 aedibus

230 3277 403 3384 privatis
431 3278 733 3381 custodiendas,
774 3280 979 3390 parochus
1019 3307 1092 3363 seu
1122 3280 1318 3363 ecclesiae
1357 3289 1490 3363 rector
1519 3277 1726 3360 concessi-

234 3409 325 3490 onis
353 3410 472 3493 istius
507 3422 548 3494 et
577 3414 783 3521 praefatae
813 3413 1127 3523 approbationis
1156 3413 1440 3526 testimonium
1470 3411 1624 3519 scripto
1654 3438 1726 3492 ex-

232 3540 384 3625 hibeat.

350 3690 501 3776 Sacrae
530 3693 744 3803 Reliquiae
784 3696 979 3806 congruis
1018 3695 1149 3777 thecis
1188 3723 1260 3777 seu
1290 3694 1484 3794 vasculis,
1526 3703 1730 3802 quantum

232 3824 320 3907 fieri
349 3822 496 3935 potest,
527 3828 715 3936 pretiosis
744 3827 993 3911 muniendae
1022 3829 1065 3910 in
1101 3827 1405 3911 honestioribus
1434 3811 1597 3909 tannim
1625 3826 1728 3908 locis

234 3957 427 4069 religiose
456 3971 736 4066 asserventur;
752 3958 786 4042 2)
826 3963 870 4043 in
909 3960 1092 4043 ec'clesiis
1132 3961 1322 4069 quamvis
1357 3959 1400 4041 in
1440 3960 1558 4041 altari
1597 3959 1729 4068 potis-

234 4091 386 4174 simum
413 4091 468 4174 ad
498 4095 586 4202 ejus
616 4103 807 4175 ornatum
828 4096 1021 4178 collocari
1052 4101 1225 4204 queant:
1241 4089 1276 4173 3)
1307 4092 1421 4175 nullo
1442 4092 1569 4175 modo
1590 4101 1729 4173 tamen

236 4251 370 4332 neque
410 4254 551 4340 super,
573 4223 645 4308 SS.
686 4226 968 4311 Eucharistiae
1007 4225 1273 4310 tabernaculo
1318 4234 1545 4334 ponantur,
1595 4248 1728 4331 neque

235 4384 319 4440 una
349 4387 445 4477 curn
484 4360 744 4443 sanctissimo
775 4358 1042 4445 Sacramento
1073 4360 1359 4458 recondantur,
1400 4358 1561 4442 etiamsi
1600 4357 1729 4465 ipsius

238 4501 405 4597 sanctae
434 4490 580 4577 Crucis
609 4495 834 4604 particulae
864 4495 958 4578 sint.
971 4490 1005 4574 4)

237 4686 432 4698 *ο-..α

285 4762 307 4847 ¹)
329 4761 428 4828 Conc.
448 4763 538 4829 Trid.
561 4765 649 4831 Seas.
671 4762 781 4831 XXV.
804 4764 856 4829 De
878 4765 983 4830 invoc.
999 4762 1109 4829 Sanct.

280 4869 309 4954 ³)
331 4870 409 4956 Syn.
431 4872 637 4938 Archidioec.
659 4872 755 4957 Prag.
777 4873 854 4936 anni
877 4871 966 4936 1605.
1012 4871 1039 4954 ³)
1060 4869 1161 4936 Rubr.
1182 4869 1275 4934 Miss.
1296 4869 1360 4934 Rit.
1375 4867 1494 4933 celebr.
1516 4867 1607 4932 Mica.
1627 4866 1685 4932 lV.
1699 4867 1730 4930 5.

280 4977 308 5061 ⁴)
330 4978 463 5043 Decrct.
495 5002 568 5065 gon.
602 4980 634 5046 S.
670 4981 709 5045 R.
742 4979 778 5046 O.
811 4979 852 5043 de
886 4980 938 5044 die
974 4979 1024 5042 31.
1056 4978 1152 5044 Mart.
1186 4979 1276 5061 1821,
1309 4978 1352 5042 ad
1383 4977 1413 5041 6.
1446 4975 1589 5041 confirm.
1621 4976 1731 5040 a'Pio

226 5175 233 5188 .
331 5085 395 5151 PP.
428 5086 503 5152 VII.
536 5088 566 5152 3.
599 5087 702 5174 April.
736 5087 826 5153 1821.
859 5096 892 5151 ct
925 5086 957 5153 S.
986 5084 1026 5149 R.
1059 5085 1095 5151 Ο.
1128 5089 1162 5150 in
1194 5085 1373 5151 Tridentin.
1402 5083 1443 5147 de
1475 5083 1528 5163 die
1558 5085 1607 5149 12.
1635 5082 1734 5147 Mart.

334 5192 425 5260 1836.
454 5194 498 5259 ad
526 5196 554 5258 1.
